3292 5109
1235 550 1440 606 XXIX
1474 549 1802 622 (41)-(42).
2552 554 2641 616 47

396 711 784 795 quicumque
829 711 1139 777 haeretici
1170 733 1311 777 esse
1341 711 1615 777 nollent:
1660 713 1957 796 primum,
2008 713 2063 777 si
2094 713 2248 797 quid
2280 719 2452 778 esset
2481 713 2642 778 anti-

393 820 615 902 quitus
662 819 743 884 ab
794 820 1091 885 omnibus
1139 819 1448 885 ecclesiae
1495 819 1854 885 catholicae
1911 820 2355 886 sacerdotibus
2400 820 2644 885 univer-

392 926 543 991 salis
592 926 846 992 concilii
891 927 1281 992 auctoritate
1327 926 1683 1009 decretum,
1731 927 1983 1010 deinde,
2046 927 2101 991 si
2151 949 2282 1011 qua
2325 948 2492 992 nova
2539 949 2644 992 ex-

392 1039 687 1118 surgeret
735 1034 1056 1116 quaestio,
1121 1033 1235 1098 ubi
1278 1033 1347 1097 id
1390 1034 1650 1101 minime
1694 1034 2118 1117 reperiretur,
2185 1034 2645 1099 recurrendum

391 1142 475 1206 ad
524 1146 901 1207 sanctorum
947 1145 1207 1224 patrum
1254 1142 1626 1222 sententias,
1675 1163 1901 1206 eorum
1947 1143 2307 1223 dumtaxat,
2357 1142 2465 1223 qui
2513 1141 2642 1205 suis
2661 1165 2688 1205 5

392 1249 629 1332 quique
677 1248 1082 1331 temporibus
1129 1253 1197 1314 et
1240 1248 1401 1313 locis
1445 1249 1512 1313 in
1569 1249 1822 1314 unitate
1869 1249 2335 1314 communionis
2382 1253 2449 1313 et
2494 1246 2645 1311 fidei

389 1362 864 1437 permanenteS,
912 1355 1208 1439 magistri
1234 1355 1607 1439 probabiles
1641 1356 2025 1435 extitissent,
2073 1360 2140 1419 et
2174 1353 2484 1438 quidquid
2514 1375 2641 1418 uno

392 1483 586 1526 sensu
617 1467 814 1545 atque
847 1482 1170 1527 consensu
1193 1463 1477 1527 tenuisse
1507 1462 1966 1544 invenirentur,
2001 1462 2068 1526 id
2094 1461 2401 1527 ecclesiae
2426 1482 2646 1526 verum

392 1574 459 1633 et
506 1569 895 1635 catholicum
942 1569 1189 1653 absque
1235 1569 1365 1634 ullo
1417 1568 1719 1652 scrupulo
1766 1569 2175 1637 iudicaretur.

577 1678 717 1760 (42)
754 1673 951 1758 Quod
973 1698 1053 1741 ne
1083 1677 1613 1760 praesumptione
1637 1677 1845 1759 magis
1878 1681 2103 1741 nostra
2139 1698 2331 1759 quam
2369 1676 2644 1741 auctori·
2665 1698 2717 1737 ιο

388 1788 526 1848 tate
574 1783 1014 1849 ecclesiastica
1056 1804 1356 1866 promere
1400 1782 1780 1865 videremur,
1830 1783 2194 1867 exemplum
2240 1782 2645 1847 adhibuimus

390 1890 598 1953 sancti
658 1890 939 1972 concilii,
1011 1889 1188 1973 quod
1256 1896 1410 1954 ante
1474 1890 1822 1954 triennium
1880 1890 2078 1956 ferme
2138 1892 2204 1956 in
2250 1889 2420 1955 Asia
2473 1891 2647 1974 apud

389 1994 721 2078 Ephesum
768 1995 1166 2061 celebratum
1212 2003 1312 2062 est
1343 1997 1493 2062 viris
1541 1998 1911 2062 clarissimis
1941 1997 2153 2062 Basso
2186 1996 2646 2081 Antiochoque

391 2101 782 2166 oonsulibus.
876 2103 1005 2168 Ubi
1053 2124 1199 2167 cum
1247 2103 1326 2168 de
1375 2104 1737 2169 sanciendis
1784 2103 1935 2170 fidei
1981 2105 2220 2188 regulis
2253 2105 2645 2188 disceptare-

387 2214 516 2289 tur,
562 2231 643 2273 ne
690 2232 819 2293 qua
863 2210 996 2276 illic
1041 2210 1314 2277 forsitan
1360 2211 1638 2295 profana
1667 2214 1919 2277 novitas
1949 2213 2019 2276 in
2049 2212 2307 2277 modum
2336 2211 2646 2297 perfidiae
2666 2233 2717 2273 15

385 2317 813 2382 Ariminensis
846 2318 1208 2402 obreperet,
1257 2320 1569 2384 universis
1601 2320 2068 2402 sacerdotibus,
2102 2320 2211 2403 qui
2240 2320 2350 2384 illo
2385 2319 2649 2384 ducenti

386 2422 522 2489 fere
568 2445 833 2490 numero
883 2432 1336 2509 convenerant,
1409 2426 1534 2491 hoc
1582 2425 2151 2491 catholicissimum
2204 2425 2646 2491 fidelissimum

386 2537 585 2614 atque
634 2533 947 2615 optimum
994 2533 1172 2598 factu
1219 2534 1421 2598 visum
1481 2538 1610 2617 est,
1683 2539 1759 2598 ut
1816 2534 1885 2597 in
1938 2534 2222 2598 medium
2278 2538 2647 2599 sanctorum

382 2644 640 2720 patrum
686 2639 1043 2705 sententiae
1088 2639 1554 2722 proferrentur,
1602 2661 1880 2722 quorum
1910 2639 2071 2705 alios
2103 2645 2434 2724 martyres,
2468 2640 2630 2704 alios

386 2745 811 2828 confessoreS,
863 2767 1082 2812 omnes
1114 2767 1265 2812 vero
1314 2747 1669 2812 catholicos
1718 2747 2091 2811 sacerdotes
2136 2746 2329 2811 fuisse
2378 2752 2446 2812 et
2490 2769 2632 2830 per·
2660 2775 2715 2813 20

384 2853 693 2918 mansisse
728 2858 1088 2934 constaret3
1137 2859 1212 2918 ut
1243 2854 1486 2918 scilicet
1516 2855 1640 2918 rite
1675 2859 1872 2937 atque
1905 2854 2276 2919 solemniter
2307 2876 2387 2919 ex
2418 2875 2640 2919 eorum

386 2980 703 3025 consensu
749 2966 947 3044 atque
997 2961 1258 3027 decreto
1307 2961 1555 3044 antiqui
1602 2961 1921 3044 dogmatis
1969 2961 2191 3045 religio
2232 2960 2642 3027 confirmare-

384 3073 494 3132 tur
539 3074 605 3133 et
649 3068 961 3153 profanae
1008 3068 1315 3133 novitatis
1362 3067 1766 3152 blasphemia
1796 3069 2365 3135 condemnaretur.
2450 3066 2646 3151 Quod

384 3197 531 3240 cum
574 3176 670 3240 ita
714 3175 961 3241 factum
1004 3175 1196 3257 foret,
1256 3175 1393 3240 iure
1441 3177 1800 3260 meritoque
1846 3177 2080 3260 impius
2144 3175 2249 3242 ille
2295 3175 2642 3241 Nestorius

385 3283 748 3349 catholicae
791 3283 1102 3349 vetustati
1160 3283 1554 3366 contrarius,
1624 3283 1856 3349 beatus
1904 3305 2055 3349 vero
2106 3281 2379 3369 Cyrillus
2428 3304 2642 3348 sacro·
2661 3308 2714 3348 25

385 3397 650 3457 sanctae
705 3390 1080 3474 antiquitati
1137 3396 1613 3456 consentaneus
1676 3391 1999 3456 iudicatus
2061 3397 2180 3454 est.
2274 3390 2365 3454 Et
2425 3395 2499 3454 ut
2557 3390 2643 3454 ad

383 3495 574 3561 fidem
617 3518 834 3562 rerum
878 3497 1036 3562 nihil
1067 3497 1340 3578 deesset,
1391 3497 1584 3562 etiam
1615 3497 1875 3562 nomina
1907 3502 1974 3562 et
2004 3517 2340 3562 numerum
2373 3535 2459 3545 —-
2490 3497 2642 3562 licet

388 3602 675 3669 ordinem
719 3603 1059 3669 fuissemus
1107 3605 1294 3670 obliti
1343 3640 1425 3651 -—
1473 3604 1787 3669 edidimus
1835 3624 2060 3670 eorum
2104 3609 2397 3687 patrum,
2459 3605 2642 3669 iuxta

386 3730 660 3792 quorum
703 3710 941 3775 ibidem
1000 3712 1440 3777 concinentem
1497 3711 1617 3777 sibi
1680 3710 2191 3794 concordemque
2254 3711 2641 3775 sententiam

385 3821 454 3881 et
497 3815 692 3899 Legis
741 3839 963 3883 sacrae
1007 3818 1347 3901 proloquia
1393 3819 1691 3902 exposita
1737 3824 1907 3900 sunt,
1956 3823 2023 3882 et
2071 3817 2263 3882 divini
2320 3817 2638 3900 dogmatis
2657 3842 2711 3882 30

382 3923 606 4006 regula
650 3925 1062 3991 constabilita
1108 3932 1226 4009 est,
1276 3947 1442 4010 quos
1474 3926 1559 3990 ad
1591 3923 2100 3990 confirmandam
2129 3925 2503 3990 memoriam
2532 3923 2638 3988 hic

385 4051 640 4114 quoque
687 4053 1023 4099 recensere
1068 4054 1476 4117 nequaquam
1524 4030 1920 4115 superfluum
1968 4038 2088 4100 est.
2189 4097 2194 4102 .

565 4157 648 4211 15.
687 4159 757 4211 23
795 4157 864 4213 cf.
904 4160 953 4212 1.
991 4157 1134 4214 Tim.
1173 4159 1224 4226 6,
1261 4161 1349 4211 20.
