3292 5109
1139 558 1351 614 xvm
1387 556 1691 629 (ao-xx
1729 558 1861 625 (25).
2536 559 2620 620 29

369 723 475 788 lici
505 722 848 806 dogmatis,
895 721 962 785 id
996 726 1096 785 est
1125 718 1502 785 universalis
1532 739 1610 783 ac
1640 723 1936 783 vetustae
1965 716 2117 782 fidei
2146 737 2374 799 parum
2406 722 2621 796 tenax,

371 851 447 896 ac
496 829 800 894 disertior
843 827 1048 893 multo
1100 848 1291 910 quam
1338 826 1606 908 felicior,
1656 831 1906 890 mutata
1951 825 2253 907 deinceps
2301 823 2625 889 sententia

370 937 525 1002 fecit
572 936 658 1002 ad
706 941 1093 1017 extremum,
1154 934 1329 1017 quod
1392 934 1472 998 de
1532 954 1609 997 eo
1665 932 1895 998 beatus
1952 931 2287 998 confessor
2330 929 2623 994 Hilarius

373 1044 654 1127 quodam
699 1043 844 1109 loco
889 1043 1144 1108 scribit:
1190 1049 1519 1124 sequenti,
1550 1041 1779 1123 inquit,
1814 1061 2050 1125 errore
2080 1043 2384 1104 detraxit
2413 1043 2624 1120 scrip-

373 1160 464 1217 tis
500 1155 971 1235 probabilibus
1017 1158 1523 1230 auctoritatem3
1573 1153 1638 1212 et
1684 1147 1806 1211 fuit
1851 1148 1990 1229 ipse
2038 1167 2297 1228 quoque
2326 1146 2395 1209 in
2426 1144 2670 1209 eccle-⁵

372 1260 470 1324 sia
525 1280 762 1341 magna
820 1258 1122 1323 tentatio.
1214 1255 1349 1323 Sed
1394 1255 1474 1321 de
1520 1255 1645 1320 hoc
1699 1254 1849 1319 nolo
1905 1253 2097 1337 plura
2141 1253 2377 1319 dicere.
2468 1251 2624 1316 Hoc

371 1370 628 1430 tantum
675 1364 1228 1445 commemorabO,
1293 1362 1469 1446 quod
1516 1367 1748 1427 contra
1791 1360 2011 1445 Moysi
2054 1365 2475 1443 praeceptum
2521 1380 2625 1423 ex-

374 1479 711 1555 surgentes
765 1474 833 1537 in
890 1472 1162 1537 ecclesia
1206 1469 1491 1535 novellas
1538 1468 1844 1533 Montani
1886 1468 2088 1533 furias
2136 1472 2201 1532 et
2246 1467 2475 1531 insana
2517 1465 2628 1529 illa

373 1579 743 1643 insanarum
770 1578 1109 1644 mulierum
1138 1578 1362 1643 novitii
1394 1576 1718 1660 dogmatis
1750 1576 1999 1642 somnia
2029 1595 2212 1639 veras
2252 1573 2626 1657 prophetias

376 1685 816 1751 adseverando
864 1686 1130 1767 meruit,
1192 1690 1267 1749 ut
1312 1684 1393 1749 de
1441 1705 1509 1749 se
1559 1704 1815 1767 quoque
1863 1691 1929 1747 et
1975 1682 2310 1765 scripturis
2359 1681 2488 1745 suis
2537 1679 2624 1743 di·
2645 1699 2699 1739 ιο

377 1799 666 1857 ceretur:
717 1801 782 1858 .ςὶ
826 1801 1215 1859 surrexerit
1261 1800 1333 1858 in
1379 1796 1597 1857 medio
1631 1799 1733 1857 cuz·
1762 1795 2118 1874 propheta,
2165 1795 2231 1854 et
2261 1810 2445 1854 mox:
2493 1810 2628 1854 non

379 1905 615 1971 audies
661 1905 861 1966 verba
902 1904 1273 1983 prophetae
1318 1904 1546 1980 illius,·
1604 1899 1858 1981 quare?
1906 1905 2086 1980 quia,
2134 1898 2366 1980 inquit,
2414 1905 2632 1962 tentat

382 2028 493 2071 vos
540 2010 849 2072 dominus
897 2017 1142 2087 vester,
1193 2016 1416 2072 utrum
1463 2011 1775 2088 diliyatis
1821 2027 1969 2071 eum
2018 2026 2108 2070 an
2152 2026 2301 2070 non.

557 2112 766 2177 XIX.
816 2114 943 2178 His
982 2115 1179 2195 igitur
1215 2118 1320 2178 tot
1362 2133 1437 2178 ac
1466 2114 1668 2179 tantis
1698 2113 2059 2195 ceterisque
2091 2111 2400 2177 eiusmodi
2431 2111 2630 2177 eccle-

381 2220 786 2285 siasticorum
832 2220 1270 2303 exemplorum
1316 2220 1592 2285 molibus
1640 2220 1970 2285 evidenter
2025 2218 2358 2284 advertere
2414 2224 2481 2284 et
2537 2239 2629 2283 se·
2650 2239 2703 2280 15

381 2326 661 2390 cundum
709 2326 1202 2393 Deuteronomii
1247 2326 1420 2410 leges
1467 2326 1608 2392 luce
1641 2327 1877 2391 clarius
1908 2326 2266 2409 intelligere
2300 2326 2628 2408 debemus,

380 2434 577 2516 quod,
626 2434 680 2498 si
726 2434 984 2516 quando
1034 2434 1269 2518 aliquis
1315 2433 1791 2499 ecclesiasticus
1835 2433 2145 2516 magister
2189 2455 2230 2498 a
2272 2432 2402 2498 fide
2449 2434 2629 2499 aber-

379 2542 635 2623 raverit,
696 2540 779 2605 ad
839 2543 1269 2607 tentationem
1322 2541 1390 2605 id
1431 2546 1729 2606 nostram
1780 2540 1921 2606 fieri
1965 2540 2373 2623 providentia
2419 2541 2633 2606 divina

379 2650 669 2732 patiatur
685 2698 703 2730 ,
758 2660 981 2715 utrum
1038 2654 1399 2733 diliyamus
1446 2649 1638 2714 deum
1686 2670 1775 2713 an
1821 2670 1956 2714 non
2009 2656 2079 2713 in
2127 2659 2268 2713 toto
2316 2653 2517 2714 corde
2563 2659 2631 2713 et

381 2763 452 2821 z’n
501 2766 644 2821 tota
691 2763 919 2821 anima
964 2763 1214 2821 nostra.
2651 2775 2706 2815 πο

556 2862 729 2925 XX.
780 2863 924 2948 (25)
971 2860 1155 2945 Quae
1187 2884 1335 2928 cum
1363 2865 1458 2928 ita
1488 2864 1637 2942 sint,
1672 2863 1777 2929 ille
1809 2870 1910 2928 est
1941 2884 2129 2929 verus
2177 2870 2245 2929 et
2292 2885 2633 2947 germanus

383 2969 738 3034 catholicus
761 3018 779 3051 ,
828 2969 939 3052 qui
977 2971 1315 3036 veritatem
1356 2971 1480 3053 dei,
1530 2973 1639 3054 qui
1672 2971 2029 3054 ecclesiam,
2081 2973 2191 3055 qui
2222 2970 2463 3036 Christi
2494 2993 2634 3036 cor-

383 3098 507 3159 pus
569 3076 798 3159 diligit,
863 3078 973 3160 qui
1034 3078 1285 3143 divinae
1345 3079 1657 3161 religioni,
1721 3080 1832 3162 qui
1877 3081 2236 3146 catholicae
2282 3079 2433 3146 fidei
2478 3081 2637 3148 nihil

384 3185 745 3267 praeponit,
778 3206 911 3249 non
947 3185 1220 3250 hominis
1253 3187 1608 3269 cuiuspiam
1637 3187 2118 3269 auctoritatem,
2166 3209 2298 3253 non
2329 3208 2633 3270 amorem,

385 3312 514 3356 non
559 3292 904 3375 ingenium,
954 3313 1086 3357 non
1134 3292 1581 3377 eloquentiam,
1629 3315 1760 3359 non
1790 3294 2282 3377 philosophiam,
2330 3294 2445 3359 sed
2475 3295 2634 3359 haec
2656 3319 2710 3361 25

388 3403 624 3463 cuncta
670 3398 1029 3482 despiciens
1076 3406 1160 3481 et,
1207 3401 1275 3465 in
1320 3400 1447 3466 fide
1492 3400 1677 3480 fixus,
1726 3401 1971 3466 stabilis
2001 3422 2408 3485 permanens,
2458 3402 2637 3484 quid-

390 3507 544 3589 quid
603 3507 1050 3574 universaliter
1107 3508 1467 3591 antiquitus
1529 3508 1863 3575 ecclesiam
1922 3508 2306 3574 catholicam
2351 3510 2636 3574 tenuisse

390 3613 787 3696 cognoverit,
834 3613 901 3678 id
948 3614 1157 3679 solum
1203 3614 1323 3680 sibi
1368 3615 1716 3681 tenendum
1764 3614 2284 3698 credendumque
2330 3615 2638 3697 decernit,

393 3720 704 3803 quidquid
770 3742 920 3786 vero
983 3722 1065 3787 ab
1126 3722 1343 3805 aliquo
1406 3723 1710 3805 deinceps
1769 3744 1899 3787 uno
1955 3729 2218 3806 praeter
2274 3744 2494 3788 omnes
2540 3724 2640 3788 vel

394 3833 621 3893 contra
668 3848 893 3894 omnes
939 3834 1202 3894 sanctos
1265 3850 1500 3894 novum
1560 3836 1626 3895 et
1684 3830 2044 3894 inauditum
2100 3830 2439 3895 subinduci
2503 3852 2641 3895 sen·
2662 3858 2713 3898 so

571 4081 609 4132 4
645 4078 895 4133 Hilarius
934 4082 1230 4134 comment.
1267 4078 1327 4133 in
1363 4079 1568 4134 Matth.
1594 4081 1644 4146 5,
1688 4081 1736 4133 1.
2043 4081 2105 4134 11
2146 4080 2309 4134 Deut.
2352 4082 2445 4147 13,
2486 4082 2641 4134 1—3.

399 4170 465 4222 16
503 4165 664 4223 Dent.
707 4171 790 4238 13,
831 4171 882 4224 3.
1098 4171 1169 4222 22
1208 4167 1276 4226 cf.
1316 4168 1462 4238 Eph.
1503 4171 1551 4238 1,
1588 4172 1677 4223 23.
