3292 5109
606 565 693 627 40
1338 611 1345 619 .
1451 561 1623 617 xxv
1662 561 1984 632 (36)-(37).

604 732 787 790 intus
833 733 1054 789 autem
1098 732 1256 788 sunt
1301 727 1443 805 lapi
1487 743 1816 805 rapaces..
1884 721 2057 807 Quid
2115 726 2214 787 est
2269 731 2551 790 vestitus
2600 732 2842 806 oviam,

602 832 726 896 nisi
789 830 1252 915 prophetarum
1316 834 1382 895 et
1445 830 1889 914 apostolorum
1952 830 2327 913 proloquia,
2406 853 2573 914 quae
2651 833 2846 899 iidem

605 938 752 1002 ovili
819 937 1099 1020 quadam
1165 937 1532 1002 sinceritate
1552 927 1768 1026 *aym
1830 936 1919 1000 illi
1980 941 2431 1020 immaculato,
2493 946 2607 1020 qm·
2668 946 2853 1007 tollit

593 1056 941 1129 peccatam
971 1050 1224 1128 muudi,
1269 1051 1602 1128 tamquam
1631 1045 1865 1110 vellera
1898 1045 2217 1127 quaedam
2246 1050 2594 1111 texuerunt
2610 1048 2642 1111 i>
2721 1048 2850 1134 Qui

555 1176 582 1216 5
605 1159 751 1217 sunt
798 1158 940 1235 lapi
983 1174 1289 1237 rapaces,
1349 1152 1470 1217 nisi
1533 1173 1759 1217 sensus
1804 1152 2282 1217 haereticorum
2327 1152 2449 1218 feri
2504 1159 2570 1218 et
2614 1154 2843 1237 rabidi,

604 1260 713 1343 qui
776 1259 994 1325 caulas
1059 1260 1369 1325 ecclesiae
1416 1280 1672 1343 semper
1709 1258 2063 1340 infestant,
2133 1264 2200 1324 et
2262 1280 2524 1343 gregem
2587 1260 2847 1347 Christi,

603 1390 860 1452 quaqua
889 1374 1181 1452 possunt,
1246 1366 1647 1433 dilacerant?
1730 1365 1860 1432 Sed
1891 1373 1966 1432 ut
1996 1367 2289 1433 fallacius
2319 1368 2592 1433 incautis
2627 1370 2848 1435 ovibus

602 1476 940 1560 obrepant,
967 1481 1269 1541 manente
1292 1475 1595 1558 luporum
1615 1473 1860 1539 ferocia
1885 1475 2214 1558 deponunt
2238 1476 2523 1558 lupinam
2549 1477 2847 1560 speciem,

603 1590 668 1648 et
721 1604 861 1648 sese
909 1582 1159 1648 divinae
1203 1582 1399 1666 Legis
1446 1582 1773 1646 sententiis
1829 1581 2002 1646 velut
2066 1580 2448 1663 quibusdam
2503 1583 2846 1648 velleribus

528 1716 583 1755 10
604 1689 967 1771 obvolvunt,
1015 1696 1109 1771 ut,
1165 1710 1312 1753 cum
1358 1688 1629 1771 quisque
1674 1687 1969 1752 lanarum
2014 1688 2347 1754 mollitiem
2392 1691 2846 1771 praesenserit,

602 1819 1015 1880 nequaquam
1047 1796 1304 1862 aculeos
1353 1796 1642 1860 dentium
1689 1794 2123 1878 pertimescat.
2207 1793 2337 1860 Sed
2385 1797 2544 1879 quid
2589 1798 2682 1861 ait
2728 1798 2847 1862 sal·

602 1904 832 1969 vator?
926 1907 1035 1969 Ea·
1071 1907 1410 1985 fruc-libas
1456 1923 1687 1968 eoram
1744 1909 2157 1984 coynoscetc's
2205 1923 2346 1985 eos,
2398 1903 2467 1967 id
2514 1909 2643 1968 est:
2704 1925 2851 1969 cum

603 2010 934 2093 coeperint
991 2010 1235 2074 divinas
1289 2008 1430 2073 illas
1480 2030 1668 2073 voces
1723 2029 1854 2073 non
1908 2008 2039 2073 iam
2083 2007 2374 2092 proferre
2420 2015 2677 2074 tantum
2731 2010 2848 2075 sed

604 2118 799 2182 etiam
863 2137 1214 2199 exponere,
1271 2137 1392 2180 nec
1447 2116 1659 2180 adhuc
1704 2116 1946 2180 iactare
1994 2116 2208 2181 solum
2253 2115 2367 2182 sed
2413 2117 2611 2181 etiam
2654 2119 2846 2183 inter-

532 2247 584 2287 15
601 2225 881 2308 pretari,
944 2230 1100 2289 ωηο
1146 2223 1510 2288 amaritudo
1572 2223 1683 2287 illa
1700 2220 1727 2304 ,'
1774 2227 1932 2287 tunc
1994 2223 2314 2289 acerbitas
2334 2274 2350 2306 ,
2418 2230 2573 2289 ωηο
2635 2225 2847 2290 rabies

601 2331 1011 2415 intelligetur,
1059 2336 1213 2394 tunc
1261 2329 1574 2396 novitium
1614 2330 1785 2393 virus
1833 2329 2260 2412 exhalabitur,
2308 2336 2466 2395 ωηο
2507 2336 2847 2413 profanae

602 2447 931 2504 novitates
964 2437 1350 2520 aperientur,
1400 2442 1554 2499 tunc
1587 2436 1863 2518 primum
1899 2440 2117 2501 scinde·
2146 2458 2370 2519 sepem
2405 2437 2641 2521 videas,
2690 2444 2847 2503 tunc

603 2551 970 2625 transferre·
1017 2554 1295 2626 patrum
1359 2550 1706 2625 terminos,
1766 2549 1922 2607 ωηο
2007 2543 2357 2608 atholicam
2402 2543 2595 2632 fidem
2644 2545 2844 2629 caedi,

599 2659 759 2716 tunc
792 2651 1293 2716 ecclesiasticum
1325 2649 1559 2733 dogma
1587 2650 1880 2717 lacerari.
1947 2651 2086 2734 (37)
2120 2649 2311 2715 Tales
2344 2656 2531 2716 erant
2562 2652 2647 2734 hi,
2684 2675 2846 2735 quos

530 2781 584 2820 20
602 2759 882 2842 percutit
904 2757 1242 2840 apostolus
1253 2757 1495 2821 Paulus
1518 2757 1584 2820 in
1609 2756 1892 2821 secunda
1908 2755 2375 2822 adOorinthios
2400 2758 2647 2823 dicens:
2675 2765 2845 2825 Nam
2908 2785 2913 2791 ·

603 2869 954 2947 eiusmodi,
1012 2864 1240 2947 inquit,
1297 2868 1876 2952 pseudoapostoli,
1940 2872 2237 2947 operarii
2291 2868 2580 2947 subdoli,
2627 2875 2847 2932 trans-

591 2977 962 3053 figurantes
991 2993 1067 3036 se
1096 2979 1167 3037 in
1199 2977 1541 3055 apostolos
1581 2974 1851 3037 Christi.
1909 2968 2083 3054 Quid
2116 2977 2247 3036 est:
2284 2976 2847 3053 transfiyarantes

600 3101 676 3144 se
714 3086 785 3144 in
827 3083 1167 3162 apostolos
1208 3080 1502 3146 Christi?
1575 3077 2010 3142 Proferebant
2055 3079 2334 3160 apostoli
2367 3078 2618 3143 divinae
2651 3078 2845 3164 Legis

601 3186 915 3269 exempla:
949 3184 1368 3268 proferebant
1391 3191 1457 3250 et
1486 3183 1596 3253 illi.
1661 3183 2093 3249 Proferebant
2123 3186 2405 3268 apostoli
2436 3185 2848 3251 Psalmorum

526 3312 580 3354 25
600 3292 1053 3358 auctoritates:
1109 3291 1525 3376 proferebant
1572 3295 1638 3354 et
1683 3291 1797 3354 illi.
1890 3290 2319 3357 Proferebant
2374 3293 2657 3376 apostoli
2703 3314 2845 3359 sen-

599 3399 838 3465 tentias
884 3399 1393 3482 Prophetarum:
1454 3403 1521 3462 et
1566 3397 1657 3461 illi
1711 3397 2122 3462 nihilominus
2177 3397 2617 3480 proferebant.
2716 3398 2847 3465 Sed

601 3527 748 3570 cum
781 3527 875 3587 ea,
926 3528 1094 3590 quae
1125 3505 1415 3570 similiter
1461 3504 1888 3588 protulerant,
1936 3505 2347 3589 interpretari
2394 3527 2524 3570 non
2558 3506 2850 3572 similiter

602 3614 989 3696 coepissent,
1037 3618 1192 3677 ωηο
1241 3611 1560 3695 simplices
1599 3633 1639 3677 a
1670 3611 1977 3694 subdoliS,
2028 3618 2184 3677 tunc
2214 3612 2485 3678 infucati
2517 3636 2557 3677 a
2589 3612 2845 3695 fucatiS,

601 3727 758 3784 tunc
803 3720 966 3784 recti
1012 3741 1052 3784 a
1095 3720 1433 3803 perversiS,
1491 3724 1650 3783 ωηο
1695 3725 2025 3803 postremo
2074 3721 2204 3784 veri
2252 3720 2535 3803 apostoli
2580 3742 2621 3786 a
2664 3720 2846 3786 falsis

528 3826 914 3909 soapostolis
961 3825 1514 3892 discernebantur.
1611 3830 1701 3891 El
1728 3847 1861 3893 non
1892 3834 2161 3908 miram,
2209 3827 2440 3910 inquit,
2489 3834 2636 3910 ipse
2668 3836 2844 3894 enim

780 3990 813 4041 3
853 3990 901 4042 1.
926 3986 1016 4041 Pt.
1057 3988 1105 4054 1,
1147 3988 1230 4039 19.
1376 3989 1410 4040 3
1435 3986 1569 4042 Joh.
1612 3989 1662 4055 1,
1700 3988 1786 4040 29.
1932 3990 1966 4040 6
1993 3985 2061 4042 cf.
2099 3987 2233 4042 Joh.
2275 3988 2361 4055 10,
2401 3988 2485 4041 12.
2636 3989 2703 4041 12
2737 3986 2846 4044 Mt.

599 4079 654 4143 7,
695 4078 778 4130 16.
1033 4078 1099 4130 16
1141 4078 1188 4131 1.
1227 4076 1367 4131 Tim.
1407 4078 1458 4143 6,
1495 4080 1582 4131 2ο.
1840 4078 1905 4130 17
1944 4075 2097 4131 1⁴:001.
2140 4078 2224 4144 10,
2263 4078 2313 4129 s.
2576 4078 2643 4130 1s
2679 4075 2846 4131 Prov.

598 4168 689 4232 22,
728 4168 813 4219 28.
1030 4168 1100 4221 2ο
1137 4169 1188 4222 2.
1228 4166 1354 4220 cor.
1397 4168 1480 4233 11,
1523 4168 1605 4219 13.
1807 4168 1877 4220 30
1914 4168 1964 4220 2.
2004 4165 2131 4221 cor.
2172 4167 2255 4234 11,
2295 4167 2381 4220 14.
2422 4167 2505 4220 15.
