3292 5109
663 590 742 651 16
1650 586 1741 642 x1
1776 587 1909 655 (16).

659 768 806 811 nam
849 752 1138 811 tentasse
1182 753 1597 829 memoratur,
1644 747 1757 813 ubi
1803 770 1947 813 cum
1992 771 2226 832 magno
2277 750 2557 815 omnium
2588 750 2806 816 favore
2836 751 2902 815 in

658 854 1090 920 sacerdotium
1152 854 1381 919 fuisset
1441 855 1727 919 adscitus
1775 860 1842 920 et
1887 856 2260 938 aliquandiu
2305 861 2636 940 tamquam
2684 858 2903 924 catho-

656 961 814 1027 licus
861 961 1357 1043 administraret,
1406 962 1620 1027 subito
1656 963 1822 1027 sicut
1853 962 2059 1027 malus
2090 963 2202 1028 ille.
2221 968 2549 1046 propheta
2582 977 2707 1032 aut
2734 987 2907 1031 som-

656 1077 918 1151 niator,
990 1090 1181 1152 quem
1225 1068 1489 1155 Moyses
1549 1069 1898 1152 significat,
1970 1071 2284 1135 creditam
2332 1071 2453 1137 sibi
2498 1074 2754 1156 plebem
2800 1074 2905 1141 dei

609 1201 634 1240 5
656 1176 1044 1258 persuadere
1091 1178 1327 1261 coepit,
1375 1182 1451 1241 ut
1482 1182 1864 1259 sequeretur
1896 1180 2057 1242 deos
2088 1182 2371 1260 alienos,
2416 1179 2485 1242 id
2518 1185 2616 1245 est
2648 1202 2905 1246 errores

657 1288 1024 1365 extraneos,
1096 1305 1260 1365 quos
1324 1289 1518 1348 antea
1562 1283 1913 1351 nesciebat.
2007 1281 2138 1349 Sed
2183 1284 2308 1349 hoc
2354 1285 2695 1368 usitatumt,
2740 1288 2904 1352 illud

656 1411 806 1454 vero
852 1390 1314 1472 perniciosum,
1377 1391 1552 1473 quod
1612 1390 1698 1455 ad
1752 1395 2009 1456 tantum
2067 1390 2247 1455 nefas
2292 1412 2423 1456 non
2470 1392 2902 1458 mediocribus

655 1496 1053 1561 adminiculis
1098 1496 1425 1561 utebatur.
1516 1496 1692 1562 Nam
1738 1503 1879 1563 erat
1926 1503 1991 1563 et
2034 1498 2272 1581 ingenii
2316 1498 2553 1564 viribus
2584 1499 2801 1565 valens
2829 1500 2902 1565 'et

657 1602 990 1667 doctrinae
1061 1603 1291 1685 opibus
1357 1604 1673 1669 excellens
1743 1610 1809 1669 et
1864 1605 2116 1688 eloquio
2164 1611 2552 1690 praepotens
2570 1656 2589 1687 ,
2661 1608 2903 1690 quippe

584 1738 636 1777 ιο
658 1710 768 1792 qui
810 1715 1090 1792 utroque
1137 1732 1431 1778 sermone
1478 1713 1742 1795 copiose
1789 1718 1855 1777 et
1901 1714 2181 1795 graviter
2227 1714 2587 1797 disputaret
2634 1719 2701 1779 et
2747 1716 2894 1779 scri·

654 1816 866 1897 beret3
917 1817 1092 1899 quod
1121 1820 1549 1884 monumentis
1580 1820 1891 1886 librorum
1923 1842 2184 1885 suorum
2213 1820 2685 1903 manifestatur,
2732 1843 2900 1904 quos

653 1922 824 1988 idem
869 1924 1106 2006 partim
1153 1948 1385 2008 graeco
1433 1928 1673 2009 partim
1717 1928 1918 1992 latino
1967 1949 2263 1993 sermone
2311 1929 2690 2010 composuit.
2768 1926 2900 1993 Sed

539 2076 545 2081 -
656 2029 841 2111 bene,
890 2031 1066 2113 quod
1113 2033 1491 2098 commissae
1535 2034 1663 2116 ipsi
1709 2055 1859 2099 oves
1892 2033 2151 2117 Christi,
2199 2035 2470 2099 multum
2514 2056 2633 2118 pro
2680 2035 2901 2099 catho-

652 2136 778 2201 lica
839 2135 967 2202 fide
1012 2139 1347 2221 vigilantes
1411 2146 1478 2205 et
1540 2147 1790 2222 cautae,
1859 2142 1986 2206 cito
2034 2141 2118 2207 ad
2163 2143 2642 2224 praemonentis
2688 2141 2904 2226 Moysi

585 2267 637 2307 15
658 2244 910 2327 eloquia
953 2251 1410 2328 respexerunt,
1482 2252 1548 2311 et
1590 2249 1945 2330 prophetae
1992 2253 2186 2331 atque
2233 2250 2536 2331 pastoris.
2587 2250 2686 2313 sui
2753 2249 2908 2313 licet

656 2350 1126 2417 admirarentur
1171 2354 1603 2436 eloquentiam
1623 2403 1642 2437 ,
1712 2356 2138 2419 tentationem
2192 2359 2411 2419 tamen
2470 2377 2599 2420 non
2644 2356 2904 2438 ignora-

655 2464 826 2524 runt.
919 2459 1093 2525 Nam
1141 2483 1329 2544 quem
1395 2465 1586 2533 antea
1640 2463 1826 2544 quasi
1869 2463 2138 2528 arietem
2183 2464 2395 2545 gregis
2443 2464 2901 2546 sequebantur,

657 2566 932 2632 eundem
978 2566 1280 2650 deinceps
1325 2568 1500 2634 velut
1544 2569 1768 2651 lupum
1813 2567 2036 2652 fugere
2084 2575 2464 2656 coeperunt.

835 2672 1067 2757 Neque
1129 2675 1335 2739 solum
1380 2674 1643 2740 Photini
1708 2676 1823 2741 sed
1892 2677 2088 2741 etiam
2132 2676 2535 2760 Apollinaris
2607 2678 2901 2761 exemplo

582 2802 636 2841 20
655 2783 838 2847 istius
886 2783 1356 2849 ecclesiasticae
1401 2785 1778 2849 tentationis
1824 2784 2178 2868 periculum
2226 2785 2545 2866 discimuS,
2604 2790 2670 2849 et
2717 2785 2902 2849 simul

658 2889 743 2954 ad
812 2888 1251 2955 observandae
1328 2890 1694 2974 diligentius
1762 2891 1914 2956 fidei
1975 2893 2333 2957 custodiam
2402 2913 2901 2960 commonemur.

659 2998 752 3061 Et
794 2998 935 3080 ipse
973 2999 1140 3063 enim
1187 2999 1592 3065 auditoribus
1639 3000 1769 3064 suis
1801 3021 2072 3083 magnos
2105 3006 2323 3065 aestus
2370 3007 2436 3065 et
2482 3021 2749 3083 magnas
2796 3021 2900 3083 ge-

659 3106 906 3171 neravit
973 3108 1305 3189 angustias
1324 3155 1342 3188 ,
1411 3108 1650 3190 quippe
1720 3128 1864 3172 cum
1928 3128 2036 3172 eos
2082 3107 2209 3171 huc
2257 3107 2565 3173 ecclesiae
2610 3107 2902 3172 traheret

659 3204 1037 3295 auctoritaS,
1086 3214 1211 3278 huc
1241 3214 1534 3296 magistri
1569 3213 1933 3278 retraheret
1964 3213 2383 3296 consuetudO,
2434 3234 2704 3296 cumque
2734 3214 2908 3278 inter

586 3345 639 3397 252
659 3327 932 3403 utraque
977 3320 1339 3385 nutabundi
1371 3325 1437 3384 et
1466 3319 1875 3402 fluctuantes,
1925 3320 2077 3403 quid
2108 3320 2325 3403 potius
2357 3318 2476 3384 sibi
2507 3320 2903 3403 seligendum

660 3426 857 3510 foret,
912 3449 1046 3492 non
1093 3427 1491 3510 expedirent.
1586 3426 1719 3493 Sed
1766 3427 2039 3492 forsitan
2086 3427 2402 3494 eiusmodi
2446 3428 2552 3492 ille
2599 3429 2694 3493 vir
2740 3433 2905 3509 erat,

661 3535 771 3617 qui
840 3534 1068 3616 dignus
1138 3540 1311 3599 esset
1377 3534 1566 3599 facile
1635 3535 2003 3599 contemni?
2095 3534 2305 3599 Immo
2353 3556 2506 3601 vero
2553 3538 2777 3599 tantus
2824 3555 2902 3599 ac
3012 3558 3016 3561 ’

660 3641 804 3706 talis
825 3691 841 3722 ,
914 3641 1017 3705 cui
1082 3641 1346 3706 nimium
1409 3642 1538 3706 cito
1594 3642 1660 3707 in
1704 3643 1995 3725 plurimis
2042 3643 2432 3708 crederetur.
2526 3640 2700 3706 Nam
2748 3641 2903 3724 quid

659 3749 770 3814 illo
840 3748 1277 3831 praestantius
1355 3732 1646 3813 acumine
1722 3749 2179 3815 exercitatione
2259 3749 2604 3814 doctrina?
2690 3746 2903 3831 Quam

588 3881 641 3920 30
661 3855 894 3920 multas
962 3855 1066 3919 ille
1134 3855 1432 3920 haereses
1501 3856 1718 3921 multis
1787 3855 2211 3921 voluminibus
2272 3855 2690 3939 oppresserit,
2741 3845 2908 3938 quot

661 3962 950 4026 inimicos
1016 3960 1168 4027 fidei
1219 3962 1668 4028 *confutaverit
1737 3984 2019 4045 erroreS,
2086 3962 2322 4029 indicio
2393 3967 2491 4027 est
2538 3983 2702 4045 opus
2746 3962 2905 4026 illud

839 4197 872 4249 3
910 4195 1072 4249 Deut.
1113 4196 1197 4264 13,
1235 4197 1285 4249 3.
1501 4196 1534 4249 5
1571 4195 1733 4250 Deut.
1775 4197 1858 4263 13,
1896 4197 1947 4251 2.
2225 4196 2293 4248 14
2312 4195 2381 4251 cf.
2421 4195 2580 4250 Deut.
2621 4197 2705 4265 13,
2746 4197 2903 4249 1—3.
