3292 5109
618 554 659 614 8
868 533 871 538 '
1529 546 1617 601 VI
1655 545 1935 616 (9)—(10).

615 730 813 772 unum
844 708 1105 791 aliquod
1136 713 1200 774 et
1229 707 1352 773 hoc
1383 707 1465 774 ab
1499 707 1855 791 apostolica
1884 708 2288 791 potissimum
2320 709 2471 773 sede
2510 728 2857 788 sumemuS,

615 820 689 879 ut
722 836 942 880 omnes
986 815 1129 881 luce
1178 815 1409 880 clarius
1453 814 1734 897 videant,
1781 815 2123 880 beatorum
2169 815 2618 898 apostolorum
2663 814 2862 880 beata

616 924 936 988 successio
965 929 1209 1007 quanta
1232 924 1291 988 vi
1322 944 1593 1006 semper,
1628 929 1870 1006 quanto
1903 922 2141 1005 studio,
2175 927 2422 1005 quanta
2451 922 2861 987 contentione

618 1028 975 1095 defenderit
1022 1035 1361 1113 susceptae
1393 1029 1592 1094 semel
1620 1029 1949 1113 religionis
1984 1029 2442 1114 integritatem.
2520 1028 2861 1113 Quondam

570 1157 597 1196 5
616 1136 811 1219 igitur
854 1136 1234 1201 venerabilis
1279 1137 1629 1202 memoriae
1675 1134 2071 1219 Agrippinas
2123 1133 2671 1218 Carthaginiensis
2735 1135 2862 1220 epi-

617 1263 853 1326 scopus
898 1243 1140 1326 primus
1187 1243 1468 1308 omnium
1521 1243 1889 1307 mortalium
1960 1248 2187 1307 contra
2255 1242 2469 1306 divum
2530 1263 2861 1324 canonem,

617 1355 848 1415 contra
878 1350 1250 1415 universalis
1293 1351 1600 1416 ecclesiae
1645 1350 1952 1434 regulam,
2000 1355 2228 1415 contra
2273 1371 2530 1415 sensum
2578 1350 2861 1415 omnium

618 1458 1174 1540 consacerdotum,
1210 1462 1440 1522 contra
1470 1479 1717 1522 morem
1745 1462 1941 1540 atque
1970 1457 2269 1522 instituta
2299 1458 2615 1522 maiorum
2637 1457 2859 1541 rebap-

618 1564 944 1628 tizandum
1010 1586 1150 1630 esse
1215 1565 1538 1632 censebat.
1647 1562 1830 1647 Quae
1891 1564 2331 1649 praesumptio
2391 1569 2648 1629 tantum
2712 1564 2864 1628 mali

544 1700 599 1739 ιο
617 1671 872 1755 invexit,
919 1677 991 1736 ut
1036 1694 1165 1737 non
1213 1672 1420 1737 solum
1465 1671 1806 1736 haereticis
1856 1670 2149 1736 omnibus
2205 1670 2479 1736 formam
2525 1672 2860 1754 sacrilegii,

614 1778 731 1844 sed
760 1780 953 1845 etiam
987 1779 1368 1862 quibusdam
1405 1778 1738 1845 catholicis
1768 1780 2168 1845 occasionem
2198 1780 2569 1862 praebuerit
2599 1780 2859 1845 erroris

614 1883 780 1950 Cum
814 1907 966 1969 ergo
998 1886 1281 1969 undique
1315 1887 1400 1952 ad
1430 1887 1788 1951 novitatem
1817 1886 1911 1951 rei
1942 1887 2156 1950 cuncti
2185 1886 2628 1966 reclamarent,
2665 1892 2861 1970 atque

618 2014 836 2058 omnes
904 2016 1419 2077 quaquaversum
1486 1995 1858 2059 sacerdotes
1926 2015 2042 2078 pro
2114 2015 2230 2059 suo
2303 1994 2573 2076 quisque
2645 1993 2861 2058 studio

616 2103 1083 2185 reniterentur,
1139 2108 1295 2166 tunc
1351 2102 1584 2167 beatae
1643 2102 1989 2167 memoriae
2034 2122 2208 2184 papa
2254 2098 2642 2185 StephanuS,
2709 2121 2863 2183 apo-

548 2233 600 2273 15
620 2208 888 2274 stolicae
920 2210 1089 2273 sedis
1136 2209 1428 2287 antisteS,
1477 2231 1622 2273 cum
1674 2210 1904 2273 ceteris
1953 2208 2212 2290 quidem
2258 2207 2518 2290 collegis
2565 2210 2717 2290 suis,
2752 2208 2872 2272 sed‘

616 2327 834 2381 tamen
881 2338 1036 2399 prae
1084 2316 1317 2381 ceteris
1363 2317 1624 2397 restitit,
1688 2315 1983 2398 dignum,
2044 2317 2120 2377 ut
2167 2315 2418 2397 opinor,
2468 2315 2861 2396 existimanS‚

618 2423 673 2486 si
717 2422 1001 2506 reliquos
1050 2443 1272 2487 omnes
1317 2428 1571 2487 tantum
1616 2420 1770 2485 fidei
1811 2420 2150 2485 devotione
2197 2421 2497 2502 vinceret,
2549 2426 2864 2504 quantum

617 2529 744 2595 loci
790 2530 1183 2595 auctoritate
1229 2528 1597 2612 superabat.
1693 2527 1991 2609 Denique
2037 2527 2104 2591 in
2152 2527 2447 2610 epistula,
2497 2521 2662 2609 quae
2708 2534 2864 2593 tunc

636 2636 719 2701 ad
766 2636 1059 2701 Africam
1116 2637 1310 2700 missa
1355 2641 1482 2717 est,
1536 2635 1635 2699 his
1682 2634 1891 2699 verbis
1939 2635 2182 2699 sanxit:
2239 2638 2412 2700 m‘lzz‘l
2466 2639 2862 2716 novandum,

544 2771 598 2809 20
622 2751 760 2808 nisi
803 2747 981 2825 quod
1023 2747 1344 2809 traditum
1396 2753 1515 2808 est.
1601 2742 2016 2825 Intelligebat
2062 2742 2299 2807 etenim
2344 2743 2439 2806 vir
2487 2749 2751 2808 sanctus
2799 2749 2865 2807 et

618 2851 921 2934 prudens,
946 2851 1103 2915 nihil
1133 2851 1305 2916 aliud
1335 2851 1657 2916 rationem
1685 2851 1948 2934 pietatis
1980 2851 2343 2934 admittere,
2369 2851 2491 2916 nisi
2522 2857 2595 2915 ut
2627 2853 2861 2935 omnia,

618 2979 748 3041 qua
791 2957 918 3022 fide
961 2979 1002 3022 a
1040 2957 1334 3041 patribus
1377 2963 1679 3042 suscepta
1723 2958 1970 3040 forent,
2021 2940 2249 3023 eadem
2294 2957 2422 3023 fide
2467 2957 2611 3023 filiis
2660 2960 2864 3024 consi·

619 3070 987 3147 gnarentur,
1040 3086 1289 3147 nosque
1319 3065 1694 3148 religionem
1722 3087 1875 3148 non,
1910 3087 2041 3148 qua
2071 3065 2393 3147 vellemuS,
2442 3066 2702 3149 ducere,
2751 3066 2863 3131 sed

618 3171 855 3254 potius,
905 3192 1031 3254 qua
1074 3171 1500 3254 illa-duceret,
1552 3173 1734 3255 sequi
1765 3178 2089 3255 oportere,
2132 3172 2328 3255 idque
2360 3194 2502 3237 esse
2532 3174 2863 3257 proprium

546 3303 600 3342 25
620 3278 1008 3343 christianae
1055 3279 1411 3344 modestiae
1457 3283 1523 3343 et
1554 3280 1907 3362 gravitatis,
1955 3300 2087 3344 non
2120 3300 2238 3344 sua
2268 3280 2549 3362 posteris
2579 3280 2861 3363 tradere,

618 3384 731 3449 sed
777 3406 817 3448 a
861 3385 1209 3450 maioribus
1269 3391 1541 3468 accepta
1586 3406 1858 3450 servare.
1952 3384 2110 3469 Quis
2166 3407 2320 3469 ergo
2368 3391 2523 3451 tunc
2580 3386 2861 3452 universi

618 3491 860 3575 negotii
883 3493 1088 3556 exitus
1107 3493 1139 3556 P
1214 3490 1372 3575 Quis
1395 3493 1638 3575 utique,
1671 3492 1795 3556 nisi
1827 3493 2101 3558 usitatus
2134 3499 2200 3558 et
2232 3493 2505 3559 solitus?
2576 3493 2863 3560 Retenta

619 3605 716 3663 est
765 3599 1006 3664 scilicet
1053 3600 1432 3684 antiquitaS,
1483 3600 1750 3684 explosa
1796 3601 2066 3665 novitas,
2140 3603 2280 3688 (10)
2314 3599 2446 3667 Sed
2491 3601 2660 3667 forte
2705 3608 2862 3667 tunc

616 3706 739 3787 ipsi
785 3707 1061 3771 novitiae
1108 3707 1546 3774 adinventioni
1589 3707 1948 3790 patrocinia
1994 3707 2382 3774 defuerunt?
2459 3710 2663 3775 Immo
2709 3732 2861 3776 vero

546 3836 600 3875 30
620 3819 806 3878 tanta
849 3814 943 3877 vis
1002 3814 1238 3896 ingenii
1295 3815 1502 3879 adfuit
1518 3864 1535 3897 ,
1596 3820 1781 3881 tanta
1825 3816 2229 3898 eloquentiae
2274 3815 2570 3899 flumina,
2635 3822 2862 3882 tantus

619 3919 1025 3986 adsertorum
1082 3942 1416 4004 numeruS,
1480 3927 1669 3987 tanta
1722 3923 1857 3988 veri
1912 3922 2291 4005 similitudo,
2358 3927 2548 3989 tanta
2608 3924 2859 3989 divinae

618 4026 812 4110 Legis
861 4028 1145 4111 oracula,
1202 4029 1314 4093 sed
1360 4028 1550 4111 plane
1597 4050 1766 4094 novo
1814 4051 1892 4094 ac
1937 4029 2106 4094 malo
2154 4050 2332 4095 more
2377 4031 2725 4114 intellecta,
2784 4038 2861 4096 ut

587 4135 773 4199 'mihi
805 4135 1010 4202 omnis
1040 4136 1151 4201 illa
1181 4133 1569 4220 conspiratio
1604 4136 1778 4201 nullo
1812 4138 2006 4202 modo
2041 4136 2284 4202 destrui
2313 4138 2600 4221 potuisse
2646 4138 2859 4204 videa-
