3292 5109
1174 597 1321 653 xvr
1355 597 1726 665 (am—xvi]
1765 594 1902 668 (23).
2572 601 2656 662 25

401 780 551 825 eam
598 765 666 824 et
708 758 1033 825 hominem
1079 759 1160 824 de
1207 758 1384 825 caelo
1433 757 1787 823 secundum
1833 757 2027 822 deum
2073 756 2481 823 descendisse
2526 779 2659 823 non

401 865 693 949 abnegat
741 871 807 931 et
852 866 1043 931 deum
1083 865 1434 931 secundum
1481 864 1806 929 hominem
1847 863 2054 929 credit
2096 864 2166 929 in
2197 869 2373 928 terra
2415 862 2659 928 factum

406 994 667 1056 passum
737 980 803 1038 et
857 971 1264 1055 crucifixum3
1339 978 1614 1056 propter
1673 993 1814 1037 eam
1874 971 2153 1053 denique
2212 976 2278 1036 et
2335 971 2659 1036 hominem

404 1079 514 1145 dei
558 1079 758 1144 filium
803 1085 870 1144 et
917 1080 1109 1145 deum
1165 1080 1368 1144 filium
1412 1078 1672 1162 virginis
1734 1076 2099 1143 confitetur.
2192 1077 2408 1143 Beata
2464 1078 2661 1161 igitur

400 1207 484 1251 ac
528 1186 914 1268 veneranda,
961 1186 1305 1251 benedicta
1351 1191 1418 1251 et
1464 1190 1880 1251 sacrosancta
1926 1191 1994 1249 et
2042 1184 2296 1249 omnino
2347 1205 2706 1277 supernae5

403 1292 495 1357 illi
541 1292 916 1376 angelorum
960 1293 1320 1358 laudationi
1368 1292 1810 1376 comparanda
1856 1290 2199 1371 confessi0‚
2246 1313 2414 1374 quae
2462 1313 2661 1356 unum

406 1400 735 1465 dominum
766 1400 960 1465 deum
990 1401 1165 1466 trina
1194 1398 1707 1466 sanctificatione
1739 1398 2073 1482 glorificat.
2131 1399 2389 1465 Idcirco
2421 1400 2662 1465 etenim

402 1507 506 1572 vel
549 1507 824 1572 maxime
868 1507 1184 1572 unitatem
1232 1505 1492 1573 Christi
1520 1505 1877 1589 praedicat,
1932 1526 2015 1571 ne
2061 1507 2436 1590 mysterium
2481 1507 2659 1571 trini-

404 1615 559 1679 tatis
607 1614 898 1681 excedat.
962 1613 1149 1679 Haec
1194 1614 1261 1678 in
1307 1634 1579 1679 excursu
1626 1613 1802 1678 dicta
1847 1613 1993 1693 sint,
2040 1613 2222 1696 aliaS,
2269 1614 2326 1678 si
2371 1613 2493 1679 deo
2526 1613 2660 1697 pla-

400 1722 632 1804 cuerit,
690 1720 950 1786 uberius
996 1720 1345 1786 tractanda
1391 1727 1460 1785 et
1506 1720 1904 1804 explicanda.
1998 1719 2066 1784 N
2067 1742 2192 1785 unc
2239 1721 2323 1785 ad
2368 1722 2659 1805 proposi·
2680 1743 2732 1782 ιο

406 1835 544 1893 tum
592 1829 955 1894 redeamus,

583 1935 822 1999 XVII.
875 1935 1018 2020 (23)
1052 1934 1446 1999 Dicebamus
1479 1954 1633 2017 ergo
1668 1935 1735 1998 in
1768 1934 2223 2018 superioribuS,
2259 1935 2433 2017 quod
2462 1936 2528 2000 in
2559 1956 2660 2002 ec-

407 2042 602 2107 clesia
648 2041 752 2107 dei
795 2041 1075 2106 tentatio
1118 2046 1289 2105 esset
1319 2041 1540 2124 populi
1571 2062 1754 2106 error
1782 2042 2094 2124 magistri,
2143 2048 2212 2107 et
2241 2047 2425 2108 tanto
2460 2043 2662 2108 maior

406 2149 704 2228 tentatie,
755 2153 1001 2231 quanto
1045 2149 1184 2231 ipse
1232 2153 1403 2213 esset
1452 2149 1727 2231 doctior,
1775 2149 1887 2232 qui
1932 2155 2200 2214 erraret.
2295 2146 2488 2231 Quod
2533 2150 2659 2233 pri-

404 2278 574 2320 mum
625 2257 984 2339 scripturae
1031 2255 1441 2338 auctoritate,
1491 2255 1724 2321 deinde
1771 2256 2222 2322 ecclesiasticis
2269 2256 2659 2323 docebamus
2680 2287 2732 2327 15

397 2363 729 2447 exempIiS,
763 2384 984 2429 eorum
1020 2363 1266 2428 scilicet
1292 2364 1928 2447 commemoratione,
1962 2365 2093 2448 qui,
2120 2386 2267 2429 cum
2290 2364 2659 2448 aliquandiu

398 2491 599 2536 sanae
644 2469 796 2536 fidei
840 2469 1058 2535 forent
1087 2470 1313 2552 habiti,
1362 2469 1447 2536 ad
1479 2476 1839 2536 extremum
1885 2478 2104 2536 tamen
2134 2476 2248 2535 aut
2292 2471 2357 2536 in
2389 2470 2661 2538 alienam

398 2577 795 2643 decidissent
869 2583 1115 2642 sectam
1197 2584 1325 2643 aut>
1371 2578 1498 2662 ipsi
1560 2599 1745 2643 suam
1808 2577 2129 2643 haeresim
2198 2578 2657 2647 condidissent.

400 2683 648 2768 Magna
691 2685 990 2768 profecto
1036 2706 1147 2751 res
1194 2692 1260 2751 et
1291 2686 1375 2750 ad
1408 2685 1791 2750 discendum
1821 2684 1996 2750 utilis
2030 2692 2096 2750 et
2128 2686 2214 2750 ad
2244 2685 2660 2751 recolendum
2755 2693 2762 2698 “

400 2792 785 2873 necessaria,
834 2813 1027 2874 quam
1074 2792 1271 2856 etiam
1317 2799 1514 2875 atque
1563 2793 1764 2857 etiam
1795 2792 2225 2875 exemplorum
2257 2792 2532 2858 molibus
2564 2793 2659 2857 in·
2677 2817 2732 2856 20

402 2898 683 2963 lustrare
743 2903 939 2981 atque
991 2899 1315 2964 inculcare
1377 2898 1715 2981 debemuS,
1776 2906 1853 2965 ut
1899 2921 2118 2965 omnes
2164 2922 2313 2966 vere
2360 2900 2663 2966 catholici

402 3006 720 3086 noverint,
768 3026 838 3070 se
886 3026 1032 3070 cum
1080 3006 1351 3072 ecclesia
1397 3006 1705 3072 doctores
1752 3008 2064 3091 recipere,
2129 3029 2264 3072 non
2311 3029 2459 3073 cum
2508 3008 2658 3074 doc-

404 3112 655 3177 toribus
702 3111 1011 3177 ecclesiae
1055 3111 1252 3177 fidem
1300 3111 1598 3178 deserere
1649 3113 1929 3182 deberes

586 3216 720 3283 Sed
766 3240 885 3301 ego
926 3220 1020 3284 ita
1050 3219 1352 3302 arbitror,
1400 3219 1596 3304 quod,
1649 3242 1797 3285 cum
1841 3221 2079 3286 multos
2110 3223 2177 3287 in
2207 3222 2332 3286 hoc
2363 3221 2661 3287 tentandi

404 3347 638 3409 genere
667 3325 955 3411 proferre
985 3326 1331 3410 valeamuS,
1378 3348 1567 3396 nemo
1616 3349 1821 3410 paene
1868 3328 1972 3409 sit,
2021 3329 2132 3412 qui
2174 3327 2474 3412 Origenis
2518 3335 2657 3393 ten·
2678 3357 2731 3397 25

404 3433 640 3498 tationi
679 3433 891 3499 valeat
921 3435 1300 3517 comparari,
1348 3435 1417 3499 in
1464 3455 1593 3516 quo
1641 3434 1831 3517 plura
1876 3434 2041 3501 adeo
2088 3436 2443 3518 praeclara,
2491 3435 2656 3501 adeo
2699 3439 2703 3444 ’

405 3541 788 3623 singularia,
835 3541 999 3607 adeo
1048 3542 1210 3607 mira
1257 3541 1641 3623 extiterunt,
1705 3547 1779 3607 ut
1833 3543 2006 3607 inter
2047 3543 2231 3608 initia
2294 3542 2660 3608 habendam

400 3648 656 3712 cunctis
702 3647 1181 3714 adsertionibus
1230 3650 1366 3713 eius
1422 3648 1616 3714 fidem
1672 3650 1875 3732 quivis
1930 3650 2036 3715 ille
2091 3649 2276 3724 facile
2321 3651 2656 3715 iudicaret.

403 3753 580 3819 Nam
625 3755 681 3820 si
725 3755 859 3820 vita
901 3755 1058 3821 facit
1103 3756 1578 3839 auctoritatem,
1627 3777 1861 3839 magna
1904 3757 1996 3821 illi
2038 3757 2377 3838 industria,
2425 3778 2659 3840 magna

401 3860 714 3944 pudicitia
766 3863 1082 3944 patientia
1141 3863 1503 3928 tolerantia.
1600 3861 1673 3927 Si
1737 3884 1937 3946 genus
1983 3864 2082 3929 vel
2145 3863 2443 3948 eruditio,
2504 3864 2658 3947 quid
2677 3891 2732 3931 ao

405 3990 482 4034 eo
523 3968 826 4052 nobilius,
877 3970 986 4053 qui
1030 3970 1305 4054 primum
1347 3971 1416 4035 in
1462 3991 1540 4035 ea
1588 3970 1782 4036 domo
1829 3976 2019 4036 natus
2068 3977 2187 4054 est,
2237 3993 2402 4055 quae
2435 3978 2536 4037 est
2566 3971 2657 4035 in·

586 4203 655 4256 13
693 4201 761 4256 cf.
786 4202 949 4257 Deut.
991 4204 1076 4270 13,
1116 4205 1274 4256 1—3.
