3292 5109
630 537 633 542 ’
666 575 758 637 44
1471 572 1739 628 xxv111
1777 571 2101 645 (39)—(40).

664 734 767 799 vel
809 732 1162 799 haereseon
1205 732 1634 816 profanitates
1682 733 1854 799 nullo
1903 734 2095 799 modo
2142 756 2266 800 nos
2317 739 2583 818 oportet
2628 736 2754 801 nisi
2804 742 2920 801 aut

666 841 827 923 sola,
890 842 946 905 si
1006 862 1169 924 opus
1228 846 1348 924 est,
1405 841 1867 924 scripturarum
1912 842 2302 906 auctoritate
2351 843 2749 925 convincere,
2798 848 2916 907 aut

668 954 846 1013 certe
901 948 1029 1013 iam
1076 948 1432 1030 antiquitus
1488 948 1950 1013 universalibus
1999 948 2407 1013 sacerdotum
2455 949 2919 1014 catholicorum

669 1055 955 1120 conciliis
988 1055 1317 1120 convictas
1349 1054 1815 1138 damnatasque
1861 1056 2086 1122 vitare.
2163 1055 2401 1142 Itaque
2450 1077 2597 1120 cum
2641 1057 2920 1139 primum

618 1187 649 1226 5
668 1162 820 1227 mali
852 1163 1163 1245 cuiusque
1197 1163 1435 1228 erroris
1465 1162 1742 1245 putredo
1777 1183 2112 1246 erumpere
2144 1164 2452 1246 coeperit,
2488 1170 2553 1227 et
2584 1163 2668 1227 ad
2701 1163 2919 1228 defen-

669 1271 915 1335 sionem
947 1270 1045 1334 sui
1077 1270 1394 1352 quaedam
1425 1290 1649 1334 sacrae
1680 1268 1877 1352 Legis
1908 1269 2104 1334 verba
2134 1269 2335 1334 furari
2367 1292 2572 1354 eaque
2604 1269 2919 1336 fallaciter

669 1384 735 1443 et
779 1376 1224 1442 fraudulenter
1271 1398 1615 1460 exponere,
1664 1377 1882 1441 statim
1927 1377 2416 1459 interpretando
2452 1378 2687 1443 canoni
2716 1379 2918 1443 maio-

665 1507 811 1549 rum
841 1484 1202 1549 sententiae
1235 1484 1725 1567 congregandae
1758 1489 1927 1566 sunt,
1973 1484 2203 1567 quibus
2233 1483 2411 1564 illud,
2464 1485 2918 1567 quodcumque

669 1596 971 1674 exsurget
1002 1592 1311 1656 novitium
1341 1591 1620 1674 ideoque
1652 1589 2013 1674 profanum,
2064 1596 2131 1655 et
2177 1590 2420 1673 absque
2467 1591 2601 1656 ulla
2646 1592 2917 1675 ambage

597 1725 649 1765 ιο
667 1698 983 1781 prodatur
1042 1703 1108 1762 et
1171 1698 1305 1762 sine
1365 1698 1497 1762 ulla
1549 1698 2013 1763 retractatione
2062 1697 2421 1762 damnetur.
2518 1696 2649 1763 Sed
2697 1720 2918 1764 eorum

670 1805 1009 1869 dumtaxat
1053 1811 1316 1889 patrum
1377 1805 1734 1869 sententiae
1783 1803 2211 1868 conferendae
2259 1810 2429 1887 sunt,
2496 1805 2628 1887 qui,
2674 1805 2742 1868 in
2787 1804 2915 1869 fide

668 1920 735 1976 et
763 1913 1212 1977 communione
1257 1912 1577 1977 catholica
1607 1916 1829 1976 sancte
1868 1911 2193 1993 sapienter
2225 1916 2600 1976 constanter
2633 1912 2917 1977 viventes

666 2019 977 2084 docentes
1039 2023 1105 2083 et
1158 2026 1632 2102 permanenteS,
1682 2019 1783 2083 vel
1835 2019 2001 2083 mori
2053 2018 2120 2082 in
2176 2017 2432 2083 Christo
2481 2019 2757 2085 fideliter
2817 2020 2918 2084 vel

670 2126 878 2191 occidi
922 2146 1045 2208 pro
1096 2123 1353 2191 Christo
1411 2126 1684 2191 feliciter
1741 2134 2130 2192 meruerunt.
2225 2126 2473 2211 Quibus
2530 2131 2750 2191 tamen
2795 2127 2918 2191 hac

597 2260 649 2300 15
668 2234 812 2315 lege
869 2233 1262 2298 credendum
1301 2239 1422 2316 est,
1469 2239 1564 2315 ut,
1615 2234 1927 2317 quidquid
1956 2236 2057 2299 vel
2098 2256 2319 2300 omnes
2367 2234 2465 2298 vel
2511 2234 2727 2318 plures
2784 2256 2914 2299 uno

670 2341 1023 2422 eodemque
1094 2361 1285 2404 sensu
1341 2339 1679 2405 manifeste
1739 2340 2113 2423 frequenter
2170 2348 2677 2425 perseveranter,
2746 2340 2917 2406 velut

671 2448 952 2529 quodam
1000 2448 1444 2511 consentiente
1493 2447 1613 2512 sibi
1658 2450 2118 2530 magistrorum
2180 2449 2485 2532 concilio,
2542 2449 2916 2531 accipiendo

669 2555 951 2620 tenendo
1037 2554 1355 2618 tradendo
1445 2552 1873 2634 firmaverint,
1951 2556 2021 2619 id
2093 2577 2215 2639 pro
2293 2556 2656 2620 indubitato
2736 2562 2917 2621 certo

666 2667 941 2744 ratoque
1009 2661 1357 2726 habeatur:
1423 2661 1735 2745 quidquid
1801 2684 1988 2744 vero,
2052 2664 2339 2746 quamvis
2384 2662 2491 2727 ille
2539 2669 2803 2728 sanctus
2851 2670 2919 2727 et

598 2790 651 2832 2ο
670 2769 921 2850 doctus,
990 2768 1276 2851 quamvis
1343 2768 1684 2852 episcopus
1702 2819 1720 2852 ,
1788 2770 2073 2852 quamvis
2136 2768 2466 2835 confessor
2528 2775 2593 2835 et
2651 2776 2916 2855 martyr,

668 2881 930 2959 praeter
987 2896 1208 2940 omnes
1263 2882 1375 2940 aut
1430 2876 1628 2941 etiam
1686 2883 1915 2941 contra
1973 2897 2193 2942 omnes
2253 2878 2560 2959 senserit,
2626 2877 2693 2941 id
2749 2877 2921 2941 inter

668 2984 966 3066 proprias
998 2988 1064 3048 et
1095 2983 1384 3048 occultas
1417 2989 1483 3048 et
1513 2984 1801 3067 privatas
1850 2983 2299 3068 opiniunculas
2355 3006 2396 3048 a
2444 2985 2800 3048 communis
2856 2989 2923 3048 et

565 3145 572 3153 .
668 3089 963 3173 publicae
982 3096 1152 3173 <ac>
1182 3090 1495 3174 generalis
1528 3091 1881 3155 sententiae
1907 3092 2298 3156 auctoritate
2325 3097 2645 3156 secretum
2668 3092 2771 3171 sit,
2801 3112 2922 3156 nec

666 3217 816 3260 cum
841 3218 1088 3263 summo
1123 3205 1426 3262 aeternae
1460 3196 1686 3261 salutis
1716 3198 2024 3281 pericu10,
2056 3199 2240 3263 iuxta
2285 3198 2669 3281 sacrilegam
2698 3199 2921 3263 haere-

596 3323 651 3365 25
669 3304 944 3369 ticorum
969 3311 1034 3370 et
1050 3306 1605 3371 schismaticorum
1621 3303 2170 3384 consuetudinem,
2196 3304 2573 3368 universalis
2593 3303 2918 3386 dogmatis

669 3412 940 3494 antiqua
994 3414 1264 3477 veritate
1323 3413 1582 3478 dimissa
1635 3412 1824 3475 unius
1887 3411 2164 3475 hominis
2224 3412 2535 3477 novitium
2598 3418 2923 3476 sectemur

670 3540 978 3583 errorem.

848 3627 986 3710 (40)
1035 3623 1329 3709 Quorum
1374 3626 1716 3691 beatorum
1754 3631 2015 3709 patrum
2061 3630 2356 3692 sanctum
2402 3624 2921 3708 catholicumque

670 3754 1049 3797 consensum
1099 3755 1180 3798 ne
1228 3735 1367 3816 quis
1414 3734 1533 3799 sibi
1572 3740 1815 3798 temere
1869 3732 2409 3799 contemnendum
2453 3731 2620 3796 forte
2652 3732 2919 3796 arbitre-

598 3845 797 3922 sotur,
846 3841 938 3904 ait
982 3841 1050 3905 in
1097 3841 1302 3923 prima
1348 3842 1431 3906 ad
1465 3839 1837 3906 Corinthios
1884 3840 2250 3924 apostolus:
2300 3850 2368 3904 et
2413 3842 2733 3921 quosdam
2780 3846 2922 3921 qui-

669 3951 817 4013 dem
852 3955 1094 4029 posuit
1135 3950 1301 4013 deus
1345 3955 1416 4013 in
1448 3954 1754 4031 ecclesia,
1789 3955 2085 4030 primum
2118 3951 2483 4030 apostolos,
2523 3984 2604 3993 —-
2643 3967 2921 4029 quorum

668 4053 804 4137 ipse
851 4075 1016 4117 unus
1063 4059 1206 4119 erat
1251 4092 1338 4101 —
1381 4059 1671 4121 secundo
1705 4058 2098 4138 propheta&
2136 4092 2219 4101 —
2254 4053 2512 4136 qualem
2541 4053 2608 4117 in
2639 4052 2923 4118 Actibus

848 4181 919 4231 30
947 4181 994 4232 1.
1022 4178 1147 4233 eor.
1178 4181 1262 4246 12,
1287 4181 1374 4233 28.
1592 4182 1663 4234 32
1688 4178 1819 4235 Act.
1848 4182 1931 4245 11,
1958 4181 2044 4232 27.
2082 4180 2180 4247 283
2217 4181 2304 4246 21,
2335 4180 2418 4232 10.
2461 4180 2544 4231 11.
