3292 5109
636 566 717 634 18
1433 613 1444 620 .
1604 561 1727 620 XII
1764 562 1898 633 (17).

629 760 717 776 ν-
764 723 879 800 sed
945 724 1012 788 in
1078 723 1319 788 domini
1378 723 1822 788 incarnatione
1867 729 2098 807 aperta
2142 722 2540 806 professione
2586 723 2881 807 blasphe-

629 835 784 894 mat.
881 830 1059 896 Dicit
1106 831 1274 894 enim
1317 830 1383 894 in
1426 829 1571 912 ipsa
1615 829 1950 895 salvatoris
1997 830 2203 894 nostri
2234 851 2424 895 carne
2455 836 2572 895 aut
2603 830 2881 895 animam

629 937 973 1002 humanam
1017 937 1276 1021 penitus
1323 958 1456 1001 non
1497 936 1691 1002 fuisse
1723 943 1836 1002 aut
1868 947 2042 1003 certe
2074 938 2272 1001 talem
2301 937 2517 1019 fuisse,
2567 938 2669 1002 cui
2689 958 2879 1002 mens

632 1049 699 1108 et
764 1046 935 1109 ratio
996 1066 1127 1109 non
1185 1049 1376 1108 esset.
1470 1043 1603 1110 Sed
1659 1050 1726 1109 et
1768 1045 1979 1127 ipsam
2025 1044 2270 1111 domini
2315 1065 2574 1109 carnem
2618 1066 2750 1110 non
2799 1044 2879 1109 de

584 1156 897 1221 ssanctae
965 1151 1224 1233 virginis
1268 1150 1522 1217 Mariae
1591 1172 1786 1217 carne
1843 1158 2241 1234 susceptam,
2297 1150 2412 1216 sed
2459 1151 2539 1215 de
2585 1150 2765 1215 caelo
2812 1151 2881 1214 in

630 1257 934 1340 virginem
981 1258 1388 1324 descendisse
1420 1258 1696 1342 dicebat,
1744 1280 2034 1342 eamque,
2082 1257 2497 1323 nutabundus
2530 1278 2783 1340 semper
2814 1263 2880 1321 et

632 1364 883 1447 dubius,
930 1365 1125 1431 modo
1176 1373 1588 1431 coaeternam
1635 1367 1757 1432 deo
1806 1366 2025 1449 verbo,
2069 1366 2267 1432 modo
2316 1365 2397 1430 de
2444 1365 2619 1430 verbi
2659 1365 2877 1428 divini·

628 1478 768 1538 tate
813 1472 1056 1539 factam
1100 1473 1538 1557 praedicabat.
1616 1474 1685 1540 N
1688 1474 1907 1541 olebat
1954 1475 2119 1539 enim
2150 1474 2220 1538 in
2249 1471 2511 1538 Christo
2547 1473 2707 1537 duas
2739 1492 2879 1537 esse

632 1579 1051 1663 substantias,
1089 1603 1285 1646 unam
1318 1581 1595 1646 divinam
1639 1581 1913 1648 alteram
1942 1581 2308 1662 humanam,
2340 1600 2533 1644 unam
2580 1601 2659 1644 ex
2693 1584 2880 1662 patre

560 1713 613 1753 10
632 1687 902 1754 alteram
969 1709 1050 1753 ex
1115 1693 1323 1753 matre
1344 1737 1362 1770 ,
1434 1689 1548 1753 sed
1593 1689 1801 1772 ipsam
1847 1688 2024 1753 verbi
2069 1694 2370 1753 naturam
2414 1687 2694 1771 putabat
2740 1708 2879 1752 esse

633 1793 1002 1876 discissam,
1069 1796 1252 1877 quasi
1321 1795 1496 1860 aliud
1565 1796 1700 1861 eius
1746 1800 2153 1879 permaneret
2196 1795 2265 1859 in
2311 1794 2455 1875 deo,
2504 1794 2681 1859 aliud
2726 1815 2875 1858 vero
2947 1863 2956 1872 .

629 1922 882 1965 versum
928 1900 1156 1967 fuisset
1199 1904 1266 1966 in
1314 1923 1610 1985 carnem3
1660 1909 1756 1984 ut,
1804 1924 1948 1968 cum
1996 1903 2231 1967 veritas
2279 1902 2455 1966 dicat
2501 1924 2581 1966 ex
2627 1901 2876 1966 duabus

633 2008 1012 2073 substantiis
1074 2031 1271 2074 unum
1318 2030 1457 2075 esse
1505 2007 1867 2090 Christum,
1934 2010 2064 2076 ille.
2088 2010 2451 2075 contrarius
2498 2008 2755 2073 veritati
2800 2029 2878 2072 ex

630 2136 762 2179 una
807 2113 1050 2181 Christi
1108 2116 1436 2182 divinitate
1502 2118 1664 2182 duas
1710 2116 1973 2182 adserat
2015 2116 2224 2182 factas
2272 2137 2411 2181 esse
2459 2115 2876 2181 substantias,

557 2248 611 2288 15
630 2222 817 2288 Haec
863 2225 1086 2307 itaque
1132 2224 1558 2307 Apollinaris,
2813 2220 2817 2224 ’

806 2329 1155 2396 Nestorius
1201 2336 1421 2395 autem
1468 2332 1792 2397 contrario
1824 2330 2190 2414 Apollinari
2238 2330 2489 2413 morbo,
2539 2330 2691 2393 dum
2738 2350 2879 2394 sese

627 2438 792 2502 duas
837 2439 903 2502 in
946 2437 1206 2503 Christo
1255 2436 1654 2502 substantias
1702 2439 2096 2521 distinguere
2144 2438 2422 2516 simulat,
2473 2438 2631 2502 duas
2676 2438 2877 2501 intro-

627 2537 809 2609 ducit
872 2551 1134 2628 repente
1198 2564 1544 2627 personaS,
1594 2552 1662 2609 et
1713 2546 2007 2611 inaudito
2056 2545 2296 2609 scelere
2344 2543 2510 2609 duos
2558 2565 2695 2610 esse
2743 2545 2880 2609 vult

628 2651 793 2716 filios
860 2652 999 2733 dei,
1072 2651 1235 2717 duos
1298 2651 1592 2717 Christos
1610 2701 1628 2734 ,
1700 2675 1897 2717 unum
1951 2652 2141 2717 deum
2196 2652 2470 2717 alterum
2536 2652 2876 2734 hominem,

554 2782 611 2821 20
636 2781 863 2841 unum,
911 2759 1021 2842 qui
1068 2781 1146 2824 ex
1190 2765 1406 2842 patre,
1476 2760 1789 2842 alterum,
1858 2760 1966 2843 qui
2012 2760 2095 2824 sit
2140 2765 2481 2842 generatus
2528 2751 2612 2823 ex¹
2650 2764 2882 2823 matre.

628 2866 855 2949 Atque
922 2866 1068 2932 ideo
1139 2866 1383 2932 adserit
1451 2873 1746 2932 sanctam
1806 2866 2085 2932 Mariam
2146 2888 2276 2931 non
2339 2866 2693 2932 theotocon
2765 2864 2879 2929 sed

630 2973 1073 3038 christotocon
1144 2994 1283 3038 esse
1352 2974 1724 3055 dicendam,
1794 2975 1945 3057 quia
2011 2973 2257 3038 scilicet
2326 2995 2404 3036 ex
2475 2995 2551 3038 ea
2597 2994 2727 3037 non
2772 2972 2877 3036 ille

629 3077 948 3163 Christus,
997 3081 1107 3163 qui
1138 3081 1317 3164 deus,
1351 3081 1467 3146 sed
1495 3081 1623 3163 ille,
1674 3081 1783 3164 qui
1815 3086 1956 3146 erat
1986 3080 2203 3161 homo,
2250 3087 2446 3145 natus
2478 3081 2582 3146 sit.
2656 3076 2878 3161 Quod-

629 3186 684 3250 si
729 3188 872 3269 quis
919 3209 1064 3252 eum
1110 3194 1304 3270 putat
1370 3190 1440 3252 in
1497 3188 1700 3253 literis
1748 3188 1879 3252 suis
1927 3209 2125 3251 unum
2171 3185 2501 3251 Christum
2547 3186 2763 3251 dicere
2811 3192 2877 3250 et

557 3313 610 3356 25
628 3316 821 3358 unam
853 3293 1096 3360 Christi
1127 3296 1500 3379 praedicare
1546 3316 1910 3379 personam,
1960 3316 2094 3358 non
2140 3299 2381 3359 temere
2428 3292 2670 3361 credat.
2733 3291 2880 3357 Aut

629 3403 796 3467 enim
825 3403 1003 3468 istud
1033 3384 1298 3467 fallendi
1329 3408 1468 3467 arte
1492 3403 1897 3467 machinatus
1922 3406 2041 3482 est,
2066 3435 2154 3447 —-
2179 3405 2252 3465 ut
2282 3422 2399 3483 per
2428 3400 2601 3465 bona
2631 3399 2878 3465 facilius

629 3510 932 3576 suaderet
980 3516 1045 3575 et
1089 3510 1279 3593 mala,
1329 3510 1494 3575 sicut
1539 3511 1632 3575 ait
1680 3509 2049 3592 apostolus:
2085 3512 2486 3591 perbonam
2533 3511 2698 3572 milei
2729 3528 2877 3589 ope·
2989 3553 2997 3560 ·

627 3627 822 3683 ratus
854 3627 963 3683 est
987 3627 1272 3683 mortem
1298 3655 1383 3666 —
1407 3621 1522 3682 aut
1546 3638 1724 3699 ergo,
1756 3622 1829 3681 ut
1853 3616 2146 3698 diximuS,
2178 3614 2650 3680 fraudulentiae
2682 3635 2878 3681 causa

632 3723 1012 3808 quibusdam
1079 3725 1146 3788 in
1211 3725 1372 3790 locis
1442 3726 1831 3807 scriptorum
1878 3745 2143 3789 suorum
2188 3744 2388 3787 unum
2434 3719 2765 3787 Christum
2812 3731 2877 3786 et

559 3859 612 3899 30
630 3854 824 3897 unam
870 3831 1113 3897 Christi
1172 3853 1518 3916 personam
1564 3831 1830 3897 credere
1878 3852 1946 3896 se
1992 3831 2280 3912 iactitat,
2347 3836 2461 3894 aut
2507 3834 2681 3895 certe
2725 3839 2877 3912 post

628 3947 886 4023 partum
952 3940 1082 4004 iam
1136 3939 1398 4022 virginis
1460 3940 1553 4004 ita
1610 3939 1676 4002 in
1731 3960 1931 4002 unum
1979 3935 2312 4003 Christum
2376 3935 2535 4001 duas
2581 3935 2877 4019 perhibet

807 4174 875 4225 27
912 4170 1080 4226 Rom.
1118 4173 1170 4239 7,
1210 4172 1295 4226 13.
1330 4221 1335 4229 .
