3292 5109
1199 570 1434 626 xxxn
1470 567 1942 641 (43)—xxx111.
2602 572 2683 633 51

437 739 568 817 llis,
614 737 898 800 liberum
944 736 1190 798 habere
1226 752 1358 815 pro
1405 736 1747 797 voluntate
1791 750 2185 795 sermonem.
2278 728 2410 793 Hic
2458 729 2687 813 aliquis

437 841 717 908 fortasse
773 840 1132 922 addubitet,
1194 840 1454 923 quinam
1501 839 1630 902 sint
1675 837 1785 920 illi,
1849 858 2013 921 quos
2059 839 2303 902 habere
2350 836 2688 919 prohibeat

416 953 724 1022 ,liberum
746 968 879 1030 pro
910 952 1250 1013 voluntate
1279 966 1679 1027 sermonem,
1724 944 2064 1009 vetustatis
2094 943 2574 1027 praedicatores
2605 965 2689 1008 an

439 1055 743 1120 novitatis
776 1055 1244 1120 adinventores,
1321 1052 1475 1136 Ipse
1518 1052 1694 1117 dicat
1745 1056 1811 1116 et
1842 1050 2314 1115 dubitationem
2342 1050 2688 1132 legentium

438 1164 577 1246 ipse
624 1161 960 1226 dissolvat.
1055 1159 1364 1244 Sequitur
1412 1160 1613 1223 enim:
1683 1162 1972 1240 desinat,
2029 1158 2261 1240 inquit,
2322 1164 2387 1222 si
2432 1164 2531 1221 ita
2577 1178 2689 1222 res
2710 1173 2736 1213 5

441 1280 565 1351 esc,
604 1306 684 1316 --
718 1268 788 1332 id
820 1273 950 1332 est:
999 1268 1055 1332 si
1099 1268 1194 1332 ita
1240 1273 1362 1348 est,
1410 1271 1483 1330 ut
1530 1266 1704 1348 apud
1737 1287 1838 1330 me
1887 1264 2147 1348 quidam
2192 1264 2385 1329 urbes
2433 1269 2497 1327 et
2541 1285 2689 1347 pro-

440 1376 681 1441 vincias
729 1381 974 1440 vestras
1025 1374 1465 1455 criminantur,
1514 1372 1693 1456 quod
1733 1392 1843 1437 eas
1884 1370 2268 1454 quibusdam
2299 1370 2692 1436 novitatibus

443 1484 810 1548 consentire
870 1482 1066 1546 noxia
1126 1480 1634 1546 dissimulatione
1693 1478 1944 1543 faciatis
1990 1517 2077 1527 —
2125 1482 2396 1543 desinat
2448 1478 2691 1560 itaque,

441 1591 672 1674 inquit,
721 1596 785 1654 si
831 1597 931 1655 ita
977 1610 1092 1654 res
1139 1599 1265 1670 esc,
1311 1595 1652 1653 incessere
1701 1593 1961 1651 novitas
2007 1596 2422 1651 vetustatem.
2510 1585 2691 1667 Ergo

442 1697 602 1762 haec
648 1695 774 1760 fuit
820 1696 996 1760 beati
1042 1692 1392 1759 Caelestini
1436 1694 1634 1759 beata
1681 1693 2022 1775 sententia,
2086 1697 2161 1756 ut
2214 1713 2346 1757 non
2405 1697 2692 1756 vetustas
2713 1713 2765 1751 ιο

445 1809 728 1870 cessaret
776 1803 1052 1868 obruere
1099 1802 1474 1883 novitatem,
1522 1802 1636 1868 sed
1676 1801 1893 1884 potius
1940 1801 2189 1865 novitas
2237 1799 2555 1864 desineret
2599 1799 2691 1861 in-

446 1931 702 1976 cessere
749 1915 1157 1975 vetustatem.

625 2015 988 2081 XXXIII.
1036 2014 1288 2099 Quibus
1319 2015 1696 2097 apostolicis
1730 2014 2191 2096 catholicisque
2224 2012 2500 2078 decretis
2526 2012 2692 2095 quis-

449 2124 592 2207 quis
638 2122 1033 2205 refragatur,
1095 2121 1361 2187 insultet
1420 2123 1695 2205 primum
1755 2122 2035 2187 omnium
2090 2141 2357 2185 necesse
2414 2125 2513 2184 est
2564 2139 2692 2183 me-

444 2229 691 2295 moriae
740 2229 947 2293 sancti
994 2227 1364 2308 Caelestini,
1416 2230 1526 2312 qui
1573 2230 1823 2309 statuit,
1873 2233 1945 2292 ut
1993 2227 2314 2292 desineret
2359 2233 2696 2291 incessere
2715 2249 2766 2288 15

448 2345 712 2403 novitas
744 2346 1162 2417 vetustatem,
1213 2336 1444 2401 deinde
1475 2336 1755 2400 inrideat
1787 2334 2051 2400 definita
2082 2333 2290 2397 sancti
2317 2333 2539 2417 Xysti,
2587 2333 2696 2415 qui

449 2445 720 2526 censuit,
768 2465 851 2509 ne
897 2449 1078 2509 ultra
1127 2444 1477 2526 quidquam
1519 2450 1725 2508 liceat
1767 2449 2072 2523 novitati,
2119 2448 2275 2522 quia
2320 2444 2493 2505 nihil
2535 2442 2699 2504 adde·

446 2559 754 2617 convenit
795 2558 1136 2633 vetustati,
1201 2551 1314 2615 sed
1377 2555 1442 2614 et
1502 2549 1678 2614 beati
1725 2548 1942 2634 Oyrilli
1999 2552 2248 2612 statuta
2303 2552 2693 2626 contemnat,

449 2660 561 2742 qui
606 2658 954 2722 venerandi
984 2656 1286 2741 Capreoli
1333 2657 1538 2723 zelum
1583 2678 1821 2739 magna
1864 2656 2345 2738 praedicatione
2391 2653 2694 2733 laudavit,

452 2765 630 2849 quod
679 2773 957 2846 antiqua
995 2768 1163 2847 fidei
1194 2768 1509 2846 damnata
1538 2768 1930 2845 confirmari
1961 2766 2226 2846 cuperet
2257 2768 2510 2826 novitia
2542 2782 2698 2826 vero
2718 2781 2772 2819 20

449 2876 810 2938 adinventa
876 2875 1210 2951 damnari,
1274 2871 1673 2953 Ephesinam
1734 2891 1991 2953 quoque
2052 2869 2386 2953 synodum,
2450 2868 2518 2932 id
2579 2873 2696 2947 est,

450 2979 652 3044 totius
711 2998 921 3060 paene
983 2978 1250 3042 orientis
1312 2982 1679 3042 sanctorum
1735 2976 2182 3060 episcoporum
2227 2976 2510 3040 iudicata
2552 2996 2699 3058 pro-

450 3086 689 3168 culcet,
740 3085 974 3168 quibus
1022 3085 1320 3149 divinitus
1366 3084 1640 3168 placuit,
1692 3083 1849 3147 nihil
1895 3084 2070 3148 aliud
2118 3083 2389 3167 posteris
2437 3081 2695 3146 creden-

451 3193 605 3257 dum
661 3194 1034 3271 decernere,
1098 3192 1220 3256 nisi
1282 3191 1457 3275 quod
1514 3197 1773 3256 sacrata
1830 3190 2079 3272 sibique
2126 3191 2188 3254 in
2238 3188 2496 3253 Christo
2547 3209 2697 3253 con-

446 3299 732 3365 sentiens
766 3305 1141 3364 sanctorum
1170 3305 1431 3382 patrum
1462 3298 1782 3363 tenuisset
1814 3297 2187 3379 antiquitas,
2237 3295 2472 3378 quique
2506 3295 2697 3358 etiam
2720 3315 2772 3356 25

451 3407 876 3471 vociferantes
910 3412 977 3471 et
1017 3405 1456 3471 adclamantes
1498 3427 1627 3470 uno
1665 3427 1778 3470 ore
1813 3403 2144 3469 testificati
2176 3407 2348 3481 sunt,
2397 3401 2513 3466 has
2561 3422 2699 3466 esse

454 3514 738 3577 omnium
784 3534 996 3594 voces,
1058 3512 1181 3577 hoc
1230 3533 1451 3577 omnes
1501 3519 1750 3596 optare,
1811 3512 1937 3576 hoc
1988 3531 2209 3575 omnes
2258 3529 2539 3589 censere,
2603 3513 2700 3590 ut,

454 3620 619 3684 sicut
678 3620 955 3684 universi
1000 3619 1136 3684 fere
1198 3626 1350 3685 ante
1396 3619 1775 3684 Nestorium
1823 3617 2150 3699 haeretici,
2214 3619 2701 3681 contemnentes

451 3731 840 3792 vetustatem
890 3732 955 3791 et
987 3726 1360 3791 adserentes
1402 3727 1775 3807 novitatem,
1827 3725 2113 3790 damnati
2158 3722 2393 3802 forent,
2442 3722 2534 3786 ita
2564 3722 2701 3804 ipse

453 3853 711 3916 quoque
757 3832 1124 3916 NestoriuS,
1175 3838 1406 3897 auctor
1445 3832 1753 3899 novitatis
1795 3838 1862 3896 et
1892 3832 2311 3914 impugnator
2340 3828 2700 3908 vetustatis,
2722 3845 2776 3884 30

454 3940 1015 4005 condemnaretur.
1131 3937 1425 4021 Quorum
1491 3944 1910 4005 sacrosancta
1974 3944 2040 4002 et
2102 3936 2393 4002 caelestis
2458 3934 2703 4017 gratiae

453 4067 718 4111 munere
765 4046 1078 4128 inspirata
1126 4047 1463 4111 consensio
1522 4047 1576 4110 si
1624 4046 1729 4110 cui
1775 4044 2095 4129 displicet,
2160 4043 2314 4126 quid
2373 4042 2547 4107 aliud
2608 4063 2702 4105 se-

454 4154 693 4236 quitur,
741 4154 863 4218 nisi
908 4160 983 4219 ut
1027 4154 1491 4238 profanitatem
1522 4153 1814 4220 Nestorii
1860 4153 2121 4219 adserat
2166 4173 2298 4217 non
2343 4151 2482 4215 iure
2530 4150 2703 4215 dam-

2273 4274 2347 4328 4*
