3292 5109
589 577 679 637 22
1369 574 1522 632 XIV
1564 571 1870 644 (20)-xv
1908 574 2040 645 (21).

590 734 692 798 dei
736 735 1062 800 hominem
1106 734 1350 800 factum
1396 757 1534 802 esse
1582 736 1768 819 dicit,
1824 740 1928 817 ut,
1989 757 2154 818 (11130
2200 741 2423 802 nostra
2470 743 2638 819 sunt,
2702 758 2836 802 non

586 840 905 906 fallaciter
952 848 1017 908 et
1064 842 1442 909 adumbrate
1501 844 1616 909 sed
1674 865 1821 908 vere
1871 862 2297 926 expresseque
2344 844 2699 927 susciperet
2746 850 2833 926 et,

588 970 750 1032 (11130
798 954 985 1014 erant
1029 949 1328 1032 humana,
1375 972 1507 1016 non
1554 951 1741 1033 quasi
1785 950 1994 1015 aliena
2038 949 2403 1014 imitaretur
2457 951 2571 1016 sed
2616 952 2835 1034 potius

585 1062 660 1120 ut
705 1077 822 1121 sua
868 1057 1147 1139 gereret,
1210 1063 1276 1122 et
1321 1079 1616 1141 prorsuS,
1680 1057 1857 1140 quod
1903 1058 2165 1140 agebat,
2230 1056 2356 1122 hoc
2403 1058 2596 1122 etiam
2643 1064 2833 1141 esset,

542 1185 567 1225 5
589 1185 779 1246 quem
824 1164 1094 1246 agebat,
1157 1165 1211 1228 is
1272 1170 1472 1247 esset3
1534 1165 1699 1229 sicut
1753 1164 1876 1247 ipsi
1920 1185 2038 1228 nos
2086 1185 2344 1248 quoque
2390 1164 2455 1228 in
2504 1185 2601 1245 e0,
2658 1165 2835 1247 quod

586 1270 906 1353 loquimur
965 1271 1245 1354 sapimus
1308 1272 1572 1336 vivimus
1637 1271 2040 1336 subsistimus
2061 1320 2079 1354 ,
2149 1293 2282 1336 non
2340 1271 2665 1336 imitamur
2723 1271 2834 1336 ho·

586 1377 786 1441 mines
835 1378 947 1442 sed
995 1399 1233 1442 sumus.
1331 1377 1566 1461 Neque
1615 1378 1785 1442 enim
1830 1377 2067 1442 Petrus
2116 1383 2182 1442 et
2228 1377 2282 1443 J
2285 1399 2543 1461 03111103,
2602 1382 2675 1442 ut
2722 1400 2837 1443 eos

586 1484 989 1566 potissimum
1017 1485 1355 1567 nominem,
1380 1484 1692 1549 imitando
1718 1491 1903 1548 erant
1932 1484 2223 1549 homines
2256 1485 2369 1549 sed
2400 1484 2831 1549 subsistendo.

586 1589 818 1674 Neque
848 1591 1003 1656 item
1028 1590 1270 1655 Paulus
1302 1591 1644 1656 simulabat
1678 1590 2047 1674 apostolum
2077 1596 2190 1656 aut
2219 1590 2506 1673 fingebat
2537 1591 2833 1674 Paulum,

515 1724 568 1763 ιο
588 1698 702 1762 3οᾶ
750 1703 893 1763 erat
954 1697 1291 1780 apostolus
1348 1704 1414 1762 et
1466 1697 1859 1763 subsistebat
1904 1697 2167 1763 Paulus.
2257 1699 2366 1762 Ita
2427 1698 2620 1764 etiam
2677 1699 2835 1763 deus

586 1804 850 1870 verbum
907 1804 1304 1871 adsumendo
1368 1810 1433 1871 et
1475 1806 1775 1870 habendo
1825 1826 2101 1886 carnem,
2156 1804 2480 1889 loquendo
2539 1805 2836 1870 faciendo

585 1913 891 1995 patiendo
939 1934 1057 1995 per
1112 1933 1368 1978 carnem
1417 1951 1503 1961 -—-
1551 1913 1688 1977 sine
1744 1912 1873 1977 ulla
1933 1918 2148 1977 tamen
2209 1933 2361 1977 suae
2423 1912 2838 1995 corruptione

585 2024 854 2084 naturae
904 2056 988 2067 —-
1035 2019 1161 2084 hoc
1209 2019 1464 2084 omnino
1513 2025 1846 2102 praestare
1880 2018 2181 2101 dignatus
2229 2024 2346 2102 est,
2395 2024 2470 2082 ut
2513 2019 2871 2091 hominem,

584 2126 946 2207 perfectum
974 2146 1105 2191 non
1149 2126 1512 2190 imitaretur
1543 2132 1656 2190 aut
1686 2123 1959 2207 fingeret
1990 2125 2104 2190 sed
2137 2124 2486 2207 exhiberet,
2534 2131 2609 2189 ut
2638 2126 2833 2192 homo

514 2256 566 2295 15
586 2253 769 2297 verus
800 2254 931 2297 non
962 2232 1288 2297 videretur
1332 2238 1446 2297 aut
1476 2238 1818 2315 putaretur
1860 2233 1974 2297 sed
2006 2238 2175 2297 esset
2206 2238 2401 2315 atque
2434 2234 2833 2300 subsisteret.

585 2339 794 2423 Igitur
825 2340 989 2404 sicut
1013 2339 1245 2421 anima,
1281 2360 1569 2403 connexa
1614 2340 1794 2403 carni
1826 2359 1942 2403 nec
1986 2340 2055 2403 in
2094 2360 2349 2403 carnem
2380 2346 2598 2404 tamen
2632 2362 2834 2423 versa,

583 2468 714 2511 non
759 2447 1049 2510 imitatur
1087 2446 1406 2510 hominem
1458 2446 1573 2511 sed
1615 2451 1714 2509 est
1743 2445 1962 2527 homo,
2013 2452 2078 2510 et
2108 2446 2303 2510 homo
2336 2467 2468 2509 non
2500 2468 2617 2529 per
2650 2448 2837 2511 simu-

583 2553 891 2618 lationem
914 2553 1038 2617 sed⁴
1058 2575 1175 2635 per
1198 2552 1647 2635 substantiam,
1679 2553 1774 2617 ita
1803 2554 1996 2617 etiam
2011 2553 2275 2618 verbum
2299 2553 2457 2617 deus
2485 2592 2566 2600 —
2593 2554 2838 2637 absque

583 2660 714 2725 ulla
759 2661 858 2725 sui
903 2661 1318 2727 conversione
1362 2660 1639 2725 uniendo
1688 2682 1756 2725 30
1802 2661 2043 2725 homini
2080 2681 2210 2726 non
2258 2660 2712 2726 confundendo
2746 2697 2834 2708 —-

514 2790 566 2829 20
586 2790 715 2833 non
761 2767 1072 2832 imitando
1120 2767 1331 2832 factus
1380 2773 1479 2831 est
1522 2768 1738 2851 homo,
1786 2768 1903 2833 sed
1948 2766 2378 2833 subsistendo.
2464 2767 2836 2833 Abiiciatur

588 2896 741 2957 ergo
788 2879 930 2939 tota
973 2875 1229 2958 penitus
1275 2895 1592 2956 personae
1628 2876 1795 2940 illius
1842 2874 2281 2958 intelligentia,
2333 2895 2499 2959 (11130
2529 2874 2834 2957 fingendo

583 2981 943 3047 imitatione
990 2983 1353 3067 suscipitur,
1401 2983 1512 3049 ubi
1542 3004 1795 3067 semper
1825 2983 1999 3047 aliud
2041 2990 2140 3047 est
2173 2988 2238 3047 et
2270 2981 2442 3048 aliud
2476 2982 2832 3064 simulatur,

584 3088 696 3153 ubi
738 3088 864 3171 ille,
913 3091 1022 3173 qui
1053 3091 1206 3173 agit,
1254 3112 1603 3173 numquam
1633 3092 1690 3154 is
1723 3095 1842 3171 est,
1893 3111 2081 3171 quem
2114 3091 2267 3171 agit.
2344 3087 2546 3153 Absit
2578 3089 2834 3171 etenim,

498 3271 503 3275 ,
583 3201 656 3260 ut
686 3196 811 3261 hoc
840 3196 1056 3261 fallaci
1086 3198 1279 3263 modo
1314 3198 1470 3262 deus
1497 3196 1758 3262 verbum
1790 3217 2136 3278 personam
2164 3196 2442 3260 hominis
2475 3196 2834 3279 suscepisse

511 3327 563 3367 25
584 3303 907 3385 credatur,
956 3304 1069 3369 sed
1114 3304 1208 3368 ita
1251 3304 1489 3386 potius,
1537 3307 1612 3366 ut
1657 3302 2162 3367 incommutabili
2194 3323 2311 3366 sua
2355 3307 2654 3367 manente
2688 3301 2834 3366 sub-

584 3410 824 3474 stantia
870 3415 934 3475 et
978 3411 1044 3473 in
1090 3431 1158 3474 se
1204 3409 1474 3492 perfecti
1531 3409 1806 3474 hominis
1872 3409 2278 3492 suscipiendo
2335 3415 2636 3474 naturam
2693 3410 2833 3492 ipse

585 3538 755 3597 caro,
802 3517 941 3599 ipse
987 3517 1202 3597 hom0,
1247 3517 1384 3599 ipse
1429 3537 1707 3598 persona
1751 3516 2025 3580 hominis
2073 3516 2429 3596 exsisteret,
2478 3537 2612 3580 non
2642 3516 2835 3579 simu·

582 3623 816 3689 latoria
862 3623 976 3688 sed
1005 3645 1176 3705 vera,
1224 3644 1357 3689 non
1403 3623 1717 3688 imitativa
1756 3624 1870 3689 sed
1903 3624 2324 3704 substantiva,
2372 3645 2504 3688 non
2535 3623 2830 3706 denique,

586 3751 751 3813 quae
800 3752 946 3795 cum
992 3730 1242 3794 actione
1290 3728 1647 3810 desisteret,
1700 3730 1815 3795 sed
1848 3752 2012 3814 (11130
2059 3752 2324 3814 prorsus
2371 3730 2836 3795 insubstantia

513 3862 565 3901 so
585 3843 1010 3919 permaneret.

762 3944 922 4011 XV.
970 3944 1158 4009 Haec
1201 3944 1397 4027 igitur
1439 3945 1507 4008 in
1538 3944 1798 4011 Christo
1831 3966 2147 4027 personae
2178 3946 2393 4009 unitas
2424 3965 2834 4029 nequaquam

584 4056 736 4134 post
769 4051 1022 4133 virginis
1053 4057 1309 4133 partum
1342 4052 1451 4116 sed
1486 4052 1552 4116 in
1583 4053 1725 4135 ipso
1752 4052 2010 4135 virginis
2044 4058 2231 4118 utero
2264 4056 2606 4135 compacta
2636 4058 2833 4135 atque

510 4189 521 4204 -
584 4157 876 4240 perfecta
922 4163 1041 4223 est.
1115 4157 1259 4244 (21)
1308 4158 1745 4227 Vehementer
1792 4159 2026 4225 etenim
2071 4179 2454 4243 praecavere
2503 4159 2842 4239 debemus,-
