3292 5109
1207 574 1330 629 ΧΠ
1367 573 1708 645 (ιη-ΠΗ
1746 572 1881 644 (19).
2589 577 2672 638 19.

423 736 796 810 convenisse
842 757 1181 819 personae,
1227 742 1301 800 ut
1346 741 1566 801 tamen
1612 740 1966 818 conceptus
2007 755 2122 799 seu
2152 737 2377 818 partus
2409 734 2678 817 virginei

422 849 717 928 tempore
765 849 833 907 et
878 843 1206 925 aliquanto
1256 847 1489 926 postea
1520 842 1684 907 duos
1716 839 2011 907 Christos
2058 840 2254 906 fuisse
2302 841 2677 922 contendat,

421 957 517 1033 ut,
567 972 713 1016 cum
760 950 1004 1015 scilicet
1035 948 1332 1016 Christus
1378 949 1573 1016 homo
1621 949 1980 1013 communis
2024 948 2303 1031 primum
2348 953 2414 1012 et
2461 947 2679 1013 solita·

421 1061 554 1126 rius
603 1065 796 1124 natus
842 1060 947 1141 sit,
997 1064 1064 1125 et
1109 1058 1386 1123 necdum
1432 1057 1537 1123 dei
1583 1056 1780 1123 verbo
1812 1076 2131 1139 personae
2177 1055 2428 1120 unitate
2475 1055 2679 1120 socia-

420 1172 546 1248 tus,
594 1171 828 1249 postea
871 1167 938 1230 in
964 1186 1105 1231 eum
1139 1164 1536 1229 adsumentis
1575 1162 1753 1228 verbi
1799 1183 2082 1246 persona
2130 1161 2556 1242 descenderit,
2592 1166 2675 1242 et,
2698 1185 2724 1224 5

422 1274 575 1339 licet
620 1294 791 1338 nunc
859 1273 925 1337 in
981 1272 1085 1337 dei
1141 1271 1349 1354 gloria
1404 1275 1663 1335 maneat
1708 1271 2119 1353 adsumptuS‚
2169 1268 2541 1352 aliquandiu
2585 1273 2679 1333 ta-

300 1441 303 1444 .
422 1402 571 1446 men
617 1380 776 1444 m‘hil
818 1380 992 1445 inter
1034 1380 1215 1444 illum
1263 1385 1329 1443 et
1366 1383 1619 1444 ceteros
1650 1378 1940 1445 homines
1971 1374 2332 1443 interfuisse
2367 1376 2676 1442 videatur.

601 1486 791 1552 XIII
838 1487 982 1573 (18)
1031 1486 1219 1552 Haec
1267 1507 1422 1569 ergo
1469 1485 1845 1566 Nestorius,
1900 1484 2312 1568 Apollinaris,
2360 1484 2681 1550 Photinus

424 1596 733 1670 adversus
780 1594 1164 1660 catholicam
1208 1593 1403 1660 fidem
1435 1593 1645 1659 rabidi
1677 1614 1872 1658 canes
1902 1592 2166 1675 latrant,
2213 1592 2536 1657 Photinus
2566 1594 2680 1657 tri·

425 1702 696 1767 nitatem
742 1724 875 1767 non
922 1700 1328 1782 confitendo,
1389 1699 1790 1783 Apollinaris
1838 1700 2319 1765 convertibilem
2365 1700 2545 1765 verbi
2590 1700 2681 1764 di·
2701 1724 2753 1763 10

426 1810 630 1875 cendo
662 1817 986 1890 naturam,
1011 1813 1076 1874 et
1108 1808 1268 1873 duas
1300 1809 1368 1872 in
1400 1806 1661 1873 Christo
1696 1806 2091 1872 substantias
2121 1829 2254 1872 non
2286 1805 2677 1888 confitendO,

427 1922 493 1980 et
540 1921 655 1980 aut
699 1921 907 1980 totam
940 1913 1185 1979 Christi
1229 1915 1508 1980 animam
1555 1919 1669 1978 aut
1715 1920 1891 1979 certe
1932 1920 2215 1979 mentem
2255 1919 2452 1997 atque
2482 1913 2681 1979 ratio-

427 2045 575 2087 nem
642 2024 711 2086 in
781 2023 995 2086 anima
1067 2021 1467 2103 denegando,
1517 2027 1585 2086 et
1630 2020 1989 2086 adserendo
2038 2043 2158 2105 pro
2208 2042 2401 2087 sensu
2446 2023 2679 2086 mentis

427 2128 624 2194 fuisse
673 2128 776 2193 dei
822 2128 1103 2209 verbum,
1153 2127 1500 2193 Nestorius
1549 2127 1712 2193 duos
1755 2125 2049 2193 Christos
2097 2134 2212 2193 aut
2242 2150 2495 2212 semper
2540 2149 2681 2193 esse

427 2242 542 2300 aut
610 2235 985 2318 aliquandiu
1053 2235 1250 2301 fuisse
1321 2234 1781 2303 adseverando,
1875 2235 2176 2301 Ecclesia
2241 2257 2392 2301 vero
2458 2235 2678 2301 catho-
2717 2259 2770 2300 15

426 2341 551 2407 lica
596 2347 664 2407 et
710 2341 791 2407 de
839 2342 960 2408 deo
1011 2348 1076 2407 et
1123 2343 1203 2407 de
1250 2342 1575 2407 salvatore
1621 2350 1848 2408 nostro
1894 2348 2077 2408 recta
2122 2343 2404 2408 sentiens
2450 2364 2571 2407 nec
2616 2344 2681 2407 in

425 2449 736 2513 trinitatis
783 2449 1084 2533 mysterio
1148 2470 1268 2513 nec
1320 2449 1390 2513 in
1436 2447 1680 2515 Christi
1747 2450 2188 2514 incarnatione
2258 2449 2680 2533 blasphemat.

426 2554 602 2620 Nam
650 2561 717 2620 et
764 2576 960 2619 unam
1007 2555 1409 2620 divinitatem
1463 2556 1533 2620 in
1588 2556 1902 2620 trinitatis
1948 2556 2346 2638 plenitudine
2393 2562 2458 2622 et
2502 2556 2681 2620 trini-

426 2663 582 2727 tatis
630 2662 1091 2744 aequalitatem
1136 2662 1203 2725 in
1248 2684 1378 2727 una
1424 2668 1622 2746 atque
1670 2663 1897 2728 eadem
1943 2664 2283 2729 maiestate
2320 2670 2682 2745 veneratur,

430 2776 495 2834 et
540 2791 737 2834 unum
784 2766 1119 2836 Christum
1150 2769 1203 2834 J
1206 2789 1404 2851 esum,
1453 2790 1585 2833 non
1633 2769 1836 2851 duce,
1886 2771 2286 2853 eundemque
2334 2771 2524 2835 deum
2569 2790 2680 2852 pa·
2700 2797 2754 2837 20

427 2878 585 2941 riter
632 2882 829 2958 atque
886 2875 1213 2940 hominem
1272 2876 1639 2941 confitetur.
1737 2877 1948 2943 Unam
1997 2877 2255 2961 quidem
2299 2878 2366 2941 in
2413 2898 2490 2942 eo
2539 2898 2681 2960 per-

429 3005 654 3048 sonam
742 2983 858 3047 sed
929 2983 1090 3047 duas
1151 2983 1543 3049 substantias
1566 3033 1583 3066 ‚
1657 2984 1818 3048 duas
1888 2983 2284 3049 substantias
2330 2983 2445 3048 sed
2489 3005 2682 3048 unam

430 3092 634 3157 credit
684 3111 825 3156 esse
871 3112 1234 3173 personam.
1317 3090 1500 3168 Duas
1548 3090 1967 3173 substantiae,
2017 3093 2168 3174 quia
2214 3091 2519 3155 mutabile
2552 3099 2684 3156 non

430 3204 530 3263 est
571 3197 840 3263 verbum
887 3197 1008 3285 dei,
1061 3203 1134 3261 ut
1179 3197 1390 3280 ipsum
1435 3204 1796 3263 verteretur
1840 3200 1908 3262 in
1955 3218 2248 3279 carnem3
2296 3219 2493 3262 unam
2537 3219 2682 3282 per-

429 3326 682 3386 sonam,
762 3326 843 3370 ne
909 3304 1073 3369 duos
1142 3304 1506 3387 profitendo
1575 3304 1744 3370 filios
1818 3305 2322 3390 quaternitatem
2391 3306 2683 3371 videatur
2701 3330 2754 3371 25

428 3411 659 3494 colere,
708 3433 844 3477 non
890 3411 1265 3477 trinitatem.

606 3518 750 3604 (19)
800 3516 933 3583 Sed
981 3539 1214 3601 operae
1259 3520 1539 3602 pretium
1587 3525 1714 3601 est,
1763 3524 1838 3583 ut
1880 3518 1949 3581 id
1992 3519 2205 3600 ipsum
2250 3519 2443 3583 etiam
2488 3523 2683 3602 atque

430 3626 624 3690 etiam
672 3625 1036 3690 distinctius
1084 3631 1150 3690 et
1181 3626 1544 3709 expressius
1593 3625 2022 3691 enucleemus.
2093 3626 2175 3690 In
2222 3625 2344 3690 deo
2379 3647 2508 3690 una
2538 3625 2683 3690 sub.-

430 3732 669 3797 stantia
715 3732 832 3797 sed
878 3736 1013 3795 tres
1058 3752 1404 3815 personae:
1466 3733 1531 3796 in
1579 3730 1840 3797 Christo
1890 3732 2055 3797 duae
2104 3732 2507 3797 substantiae
2568 3732 2683 3797 sed

428 3860 556 3903 una
600 3860 898 3922 persona.
978 3838 1061 3903 In
1105 3839 1394 3904 trinitate
1428 3839 1592 3904 alius
1640 3846 1834 3921 atque
1883 3838 2065 3920 aliu8‚
2112 3860 2245 3903 non
2277 3839 2453 3903 aliud
2485 3845 2680 3922 atque
2703 3865 2756 3904 30

431 3945 633 4010 aliud:
680 3947 750 4010 in
799 3946 1115 4011 salvatore
1161 3946 1337 4011 aliud
1382 3952 1576 4028 atque
1626 3945 1819 4028 aliud,
1867 3967 1997 4012 non
2046 3946 2208 4011 alius
2255 3951 2451 4028 atque
2500 3945 2679 4010 alius.

433 4051 773 4136 Quomodo
806 4054 872 4117 in
903 4054 1193 4118 trinitate
1226 4053 1386 4118 alius
1418 4057 1616 4135 atque
1650 4053 1831 4135 aliuS‚
1862 4074 1993 4119 non
2026 4053 2199 4119 aliud
2230 4059 2425 4136 atque
2458 4052 2681 4117 aliud?

433 4156 601 4241 Quia
662 4160 909 4225 scilicet
968 4159 1095 4226 alia
1154 4166 1253 4226 est
1298 4181 1576 4243 persona
1625 4160 1828 4243 patris
1901 4160 2025 4225 alia
2070 4159 2186 4225 filii
2252 4161 2376 4226 alia
2421 4160 2680 4244 spiritus

2250 4283 2325 4337 2*
