3292 5109
1410 579 1611 634 XXIV
1647 578 1977 649 (33)-(34).
2615 583 2700 642 37

635 741 908 809 XXIV.
961 741 1104 827 (33)
1139 739 1270 807 Sed
1301 740 1388 805 ad
1418 740 1785 824 apostolum
1818 741 2177 805 redeamus.
2266 741 2316 805 0
2354 743 2707 822 Timollzee,

454 851 683 934 inquit,
731 854 1106 932 depositum
1155 852 1451 930 custodi,
1514 852 1821 913 devitans
1875 852 2208 930 profanas
2254 867 2481 912 vocum
2529 853 2708 911 nove·-

457 968 653 1026 tates.
749 962 1027 1039 Devita,
1071 955 1319 1038 inquit,
1391 955 1576 1037 quasi
1645 955 1963 1038 viperam,
2034 954 2220 1037 quasi
2279 953 2705 1036 scorpionem,

453 1066 642 1148 quasi
709 1064 1104 1145 basiliscum,
1150 1085 1232 1128 ne
1301 1067 1367 1128 te
1435 1084 1567 1127 non
1637 1062 1846 1126 solum
1915 1066 2097 1126 tactu
2162 1060 2277 1125 sed
2334 1060 2524 1125 etiam
2572 1060 2711 1124 visu

454 1170 831 1254 adflatuque
890 1170 1278 1253 percutiant.
1358 1166 1533 1251 Quid
1574 1175 1673 1234 est
1719 1167 2004 1234 devitare
2024 1167 2057 1231 Ρ
2144 1169 2300 1232 Cum
2331 1171 2713 1233 huiusmodi
2728 1191 2755 1231 5

457 1301 579 1344 nee
623 1283 839 1343 cibum
873 1299 1158 1343 sumere.
1241 1275 1415 1370 Quid
1448 1282 1575 1341 est:
1625 1281 1903 1342 devita?
1948 1278 2025 1340 Se·
2056 1282 2227 1356 quis,
2273 1273 2499 1357 inquit,
2534 1281 2712 1340 venit

456 1389 552 1451 ad
594 1407 710 1451 vos
765 1396 832 1450 et
886 1389 1059 1450 Itane
1103 1388 1479 1450 doctrinam
1540 1405 1674 1449 non
1736 1387 1981 1464 adfert.
2076 1379 2287 1464 Quam
2350 1382 2712 1447 doctrinam

456 1493 579 1557 nisi
626 1492 1010 1557 catholicam
1059 1497 1124 1557 et
1169 1491 1596 1557 universalem
1645 1497 1713 1556 et
1760 1511 1956 1554 unam
1994 1489 2392 1572 eandemque
2438 1510 2554 1572 per
2587 1488 2711 1552 sin-

455 1600 636 1683 gulas
705 1604 995 1664 aetatum
1063 1599 1505 1664 successiones
1572 1598 1955 1680 incorrupta
2012 1596 2300 1661 veritatis
2364 1595 2713 1660 traditione

456 1711 824 1772 manentem
891 1711 956 1770 et
1020 1728 1223 1789 usque
1270 1706 1336 1770 in
1384 1705 1641 1770 saecula
1689 1705 1823 1769 sine
1868 1702 1996 1768 fine
2055 1702 2470 1767 mansuram?
2542 1699 2714 1784 Quid
2735 1726 2787 1765 ιο

458 1812 641 1878 tum?
718 1818 982 1894 Nolite,
1026 1813 1269 1896 inquit,
1317 1820 1619 1900 recipere
1667 1834 1815 1877 eum
1863 1819 1935 1877 in
1982 1814 2271 1892 domum,
2317 1831 2438 1875 nec
2483 1830 2605 1874 ave
2652 1816 2716 1874 ez·

452 1924 820 2000 dmm-iti&
875 1927 988 2000 que‘
1043 1927 1217 1985 enim
1283 1925 1449 1985 dicit
1506 1925 1612 1984 ille·
1677 1941 1828 2000 ave,
1896 1924 2339 1983 communicat
2400 1919 2713 1998 operibus

459 2034 610 2091 eines
674 2032 1010 2106 maltym‘s.
1106 2030 1475 2106 Profanas,
1524 2026 1732 2108 inquit
1755 2075 1772 2108 ,
1821 2045 2049 2092 vocum
2096 2032 2446 2090 novitates,
2542 2020 2719 2105 Quid

458 2139 598 2197 est:
643 2138 1018 2216 profanas?
1109 2130 1293 2215 Quae
1339 2133 1493 2197 nihil
1540 2132 1783 2197 habent
1830 2132 2018 2215 sacri,
2067 2131 2226 2197 nihil
2268 2130 2582 2213 religiosi,
2632 2128 2714 2193 ab

460 2240 772 2305 ecclesiae
819 2239 1276 2323 penetralibus,
1328 2262 1493 2323 quae
1542 2245 1640 2305 est
1690 2244 2006 2322 templum
2042 2243 2174 2321 dei,
2219 2237 2473 2319 penitus
2507 2242 2715 2301 extra·
2738 2259 2789 2299 15

458 2369 635 2412 neas,
729 2352 1106 2429 Profanas,
1150 2348 1381 2431 inquit,
1430 2369 1656 2413 vocum
1707 2355 2062 2412 novitates,
2178 2348 2428 2427 Vocum,
2471 2343 2539 2408 id
2588 2348 2714 2408 est:

456 2454 837 2537 dogmatum
899 2475 1112 2519 rerum
1181 2455 1646 2519 sententiarum
1713 2454 2057 2535 novitateS,
2126 2473 2290 2535 quae
2348 2456 2496 2515 sunt
2540 2455 2719 2516 vetu-

459 2561 633 2641 stati,
684 2582 851 2643 quae
884 2561 1260 2643 antiquitati
1288 2562 1673 2642 contrariae,
1724 2581 1887 2642 quae
1921 2561 1975 2623 si
2004 2559 2421 2642 recipiantur,
2455 2578 2719 2624 necesse

452 2674 580 2751 est,
627 2674 702 2732 ut
745 2666 906 2732 fides
951 2667 1294 2732 beatorum
1337 2673 1598 2750 patrum
1643 2672 1758 2732 aut
1803 2671 1948 2731 tota
1993 2672 2109 2731 aut
2154 2671 2329 2731 certe
2361 2687 2594 2747 magna
2626 2686 2706 2729 ex

459 2779 646 2857 parte
694 2774 1002 2855 violetur-3
1049 2795 1313 2839 necesse
1361 2779 1479 2853 est,
1528 2778 1600 2837 ut
1651 2794 1874 2837 omnes
1923 2774 2205 2838 omnium
2237 2778 2525 2837 aetatum
2552 2770 2715 2835 fide·
2736 2796 2789 2834 ρο

458 2882 578 2962 les,
631 2902 853 2945 omnes
903 2881 1129 2963 sancti,
1180 2902 1401 2945 omnes
1457 2880 1620 2944 casti
1683 2880 2087 2945 continentes
2145 2880 2443 2962 virgineS,
2497 2898 2719 2944 omnes

461 2988 678 3051 clerici
723 2986 955 3052 levitae
1026 2992 1093 3051 et
1138 2987 1530 3068 sacerdoteS,
1577 2991 1765 3050 tanta
1813 2986 2251 3052 confessorum
2297 2987 2490 3070 milia,
2553 2986 2722 3051 tanti

461 3102 815 3180 martyrum
885 3096 1227 3178 exercituS,
1298 3101 1486 3161 tanta
1550 3094 1823 3176 urbium,
1891 3099 2078 3158 tanta
2123 3093 2511 3177 populorum
2558 3092 2719 3158 cele-

462 3202 668 3268 britas
741 3210 808 3268 et
876 3203 1254 3286 multitudo,
1314 3208 1414 3268 tot
1483 3202 1729 3267 insulae
1803 3201 2172 3284 provinciae
2233 3221 2416 3283 reges
2493 3206 2719 3282 gentes

461 3331 667 3393 regna
728 3311 1058 3393 nationeS,
1128 3316 1307 3375 totus
1353 3316 1680 3394 postremo
1728 3310 1859 3373 iam
1903 3327 2110 3390 paene
2156 3312 2477 3371 terrarum
2526 3306 2792 3388 orbiS,25

454 3439 581 3501 -per
626 3417 1011 3482 catholicam
1057 3416 1250 3483 fidem
1281 3415 1541 3482 Christo
1591 3415 1794 3500 capiti
1840 3416 2314 3497 incorporatuS,
2365 3418 2553 3478 tanto
2589 3434 2720 3477 sae-

464 3523 755 3588 culorum
821 3529 1039 3588 tractu
1107 3525 1439 3607 ignorasse
1501 3544 1750 3588 errasse
1835 3513 2340 3604 blasphemas'se,
2440 3520 2721 3586 nescisse

464 3630 619 3713 quid
663 3630 980 3711 crederet,
1028 3631 1503 3714 pronuntietur.

648 3739 789 3823 (34)
825 3742 1183 3819 Profanas,
1217 3738 1446 3820 inquit,
1482 3758 1707 3803 vocum
1741 3743 2070 3801 novitates
2101 3740 2345 3818 devita,
2375 3756 2535 3818 quas
2567 3734 2721 3799 reci-

463 3866 619 3927 pere
687 3850 886 3927 atque
955 3845 1190 3910 sectari
1258 3864 1608 3927 numquam
1678 3842 2182 3923 catholicorum,
2254 3863 2505 3926 semper
2573 3862 2720 3907 vero
2742 3865 2794 3905 30

647 4006 675 4058 1
720 4007 767 4059 1.
806 4005 947 4058 Tim.
986 4007 1037 4073 6,
1076 4006 1162 4059 20.
1452 4004 1485 4057 5
1527 4006 1573 4057 1.
1614 4003 1741 4057 Cor.
1779 4003 1829 4069 5,
1871 4005 1954 4057 11.
2277 4004 2311 4055 6
2350 4004 2401 4056 2.
2438 4001 2573 4057 Joh.
2615 4004 2699 4057 10.

450 4095 532 4152 ,11
572 4096 623 4147 2.
661 4093 794 4149 Joh.
838 4096 920 4149 10.
963 4096 1049 4150 11.
1319 4095 1385 4147 13
1426 4095 1473 4147 1.
1512 4093 1654 4146 Tim.
1694 4095 1744 4159 6,
1783 4094 1870 4148 20.
2126 4092 2193 4145 15
2223 4094 2269 4146 1.
2289 4090 2419 4145 Oor.
2442 4094 2492 4160 3,
2533 4093 2616 4145 16.
2641 4094 2723 4146 17.

465 4184 535 4236 26
574 4181 641 4238 cf.
681 4182 799 4236 001.
841 4184 887 4250 1,
930 4184 1013 4237 18.
1295 4184 1364 4235 29
1406 4183 1453 4236 1.
1492 4180 1635 4235 Tim.
1675 4183 1727 4250 6,
1766 4183 1852 4236 20.
