<?xml version="1.0" encoding="UTF-8"?>
<!DOCTYPE html PUBLIC "-//W3C//DTD XHTML 1.0 Transitional//EN"
    "http://www.w3.org/TR/xhtml1/DTD/xhtml1-transitional.dtd">
<html xmlns="http://www.w3.org/1999/xhtml" xml:lang="en" lang="en">
 <head>
  <title>
</title>
<meta http-equiv="Content-Type" content="text/html;charset=utf-8" />
  <meta name='ocr-system' content='tesseract 3.04.00' />
  <meta name='ocr-capabilities' content='ocr_page ocr_carea ocr_par ocr_line ocrx_word'/>
</head>
<body>
  <div class='ocr_page' id='page_1' title='image "./vincenzvonlerin00jlgoog_0025.png"; bbox 0 0 3292 5109; ppageno 0'>
   <div class='ocr_carea' id='block_1_1' title="bbox 614 516 1969 587">
    <p class='ocr_par' dir='ltr' id='par_1_1' title="bbox 614 516 1969 587">
     <span class='ocr_line' id='line_1_1' title="bbox 614 516 1969 587; baseline 0.002 -5"><span class='ocrx_word' id='word_1_1' title='bbox 614 522 654 582; x_wconf 88' lang='grc'>6</span> <span class='ocrx_word' id='word_1_2' title='bbox 1495 516 1584 583; x_wconf 86' lang='lat' dir='ltr'>IV</span> <span class='ocrx_word' id='word_1_3' title='bbox 1621 516 1701 586; x_wconf 85' lang='lat'>(6)</span> <span class='ocrx_word' id='word_1_4' title='bbox 1711 517 1833 573; x_wconf 75' lang='lat' dir='ltr'>-V</span> <span class='ocrx_word' id='word_1_5' title='bbox 1872 517 1969 587; x_wconf 86' lang='lat'><strong>(7).</strong></span> 
     </span>
    </p>
   </div>
   <div class='ocr_carea' id='block_1_2' title="bbox 541 677 2865 3969">
    <p class='ocr_par' dir='ltr' id='par_1_2' title="bbox 541 677 2865 3969">
     <span class='ocr_line' id='line_1_2' title="bbox 613 677 2857 762; baseline 0 -20"><span class='ocrx_word' id='word_1_6' title='bbox 613 678 750 742; x_wconf 87' lang='lat' dir='ltr'>nita</span> <span class='ocrx_word' id='word_1_7' title='bbox 796 677 1141 758; x_wconf 86' lang='lat' dir='ltr'>maiorum,</span> <span class='ocrx_word' id='word_1_8' title='bbox 1202 677 1353 741; x_wconf 91' lang='lat' dir='ltr'>dum</span> <span class='ocrx_word' id='word_1_9' title='bbox 1414 699 1555 743; x_wconf 88' lang='lat' dir='ltr'>sese</span> <span class='ocrx_word' id='word_1_10' title='bbox 1614 679 1786 742; x_wconf 85' lang='lat' dir='ltr'>intra</span> <span class='ocrx_word' id='word_1_11' title='bbox 1845 683 2138 743; x_wconf 91' lang='lat' dir='ltr'>sacratae</span> <span class='ocrx_word' id='word_1_12' title='bbox 2195 684 2389 762; x_wconf 82' lang='lat' dir='ltr'>atque</span> <span class='ocrx_word' id='word_1_13' title='bbox 2444 677 2857 761; x_wconf 78' lang='lat' dir='ltr'>incorruptae</span> 
     </span>
     <span class='ocr_line' id='line_1_3' title="bbox 613 784 2854 868; baseline 0.001 -20"><span class='ocrx_word' id='word_1_14' title='bbox 613 785 951 848; x_wconf 85' lang='lat' dir='ltr'>vetustatis</span> <span class='ocrx_word' id='word_1_15' title='bbox 999 784 1391 849; x_wconf 90' lang='lat' dir='ltr'>castissimos</span> <span class='ocrx_word' id='word_1_16' title='bbox 1429 784 1663 850; x_wconf 90' lang='lat' dir='ltr'>limites</span> <span class='ocrx_word' id='word_1_17' title='bbox 1694 785 2002 868; x_wconf 82' lang='lat' dir='ltr'>profanae</span> <span class='ocrx_word' id='word_1_18' title='bbox 2034 807 2111 850; x_wconf 91' lang='lat' dir='ltr'>ac</span> <span class='ocrx_word' id='word_1_19' title='bbox 2142 786 2430 851; x_wconf 85' lang='lat' dir='ltr'>novellae</span> <span class='ocrx_word' id='word_1_20' title='bbox 2463 786 2854 851; x_wconf 85' lang='lat' dir='ltr'>curiositatis</span> 
     </span>
     <span class='ocr_line' id='line_1_4' title="bbox 614 891 1378 956; baseline -0.001 -1"><span class='ocrx_word' id='word_1_21' title='bbox 614 891 993 956; x_wconf 90' lang='lat' dir='ltr'>libido-non</span> <span class='ocrx_word' id='word_1_22' title='bbox 1040 891 1378 956; x_wconf 79' lang='lat' dir='ltr'>continet?</span> 
     </span>
     <span class='ocr_line' id='line_1_5' title="bbox 793 995 2858 1083; baseline -0.001 -19"><span class='ocrx_word' id='word_1_23' title='bbox 793 997 875 1065; x_wconf 93' lang='lat' dir='ltr'>V.</span> <span class='ocrx_word' id='word_1_24' title='bbox 927 998 1027 1083; x_wconf 78' lang='lat'>(7)</span> <span class='ocrx_word' id='word_1_25' title='bbox 1076 995 1208 1062; x_wconf 81' lang='lat' dir='ltr'>Sed</span> <span class='ocrx_word' id='word_1_26' title='bbox 1264 997 1536 1063; x_wconf 86' lang='lat' dir='ltr'>forsitan</span> <span class='ocrx_word' id='word_1_27' title='bbox 1587 999 1736 1064; x_wconf 90' lang='lat' dir='ltr'>odio</span> <span class='ocrx_word' id='word_1_28' title='bbox 1784 1000 2090 1064; x_wconf 87' lang='lat' dir='ltr'>novitatis</span> <span class='ocrx_word' id='word_1_29' title='bbox 2140 1007 2205 1065; x_wconf 91' lang='lat' dir='ltr'>et</span> <span class='ocrx_word' id='word_1_30' title='bbox 2251 1021 2469 1065; x_wconf 87' lang='lat' dir='ltr'>amore</span> <span class='ocrx_word' id='word_1_31' title='bbox 2517 1000 2858 1063; x_wconf 85' lang='lat' dir='ltr'>vetustatis</span> 
     </span>
     <span class='ocr_line' id='line_1_6' title="bbox 566 1103 2857 1189; baseline -0 -19"><span class='ocrx_word' id='word_1_32' title='bbox 566 1107 771 1170; x_wconf 86' lang='lat' dir='ltr'>5haec</span> <span class='ocrx_word' id='word_1_33' title='bbox 816 1104 1160 1187; x_wconf 75' lang='lat' dir='ltr'>fingimus?</span> <span class='ocrx_word' id='word_1_34' title='bbox 1248 1103 1555 1188; x_wconf 77' lang='lat' dir='ltr'>Quisquis</span> <span class='ocrx_word' id='word_1_35' title='bbox 1585 1107 1713 1171; x_wconf 92' lang='lat' dir='ltr'>hoc</span> <span class='ocrx_word' id='word_1_36' title='bbox 1747 1108 2069 1189; x_wconf 87' lang='lat' dir='ltr'>aestimat,</span> <span class='ocrx_word' id='word_1_37' title='bbox 2117 1107 2311 1173; x_wconf 89' lang='lat' dir='ltr'>beato</span> <span class='ocrx_word' id='word_1_38' title='bbox 2361 1106 2587 1171; x_wconf 86' lang='lat' dir='ltr'>saltem</span> <span class='ocrx_word' id='word_1_39' title='bbox 2634 1106 2857 1170; x_wconf 81' lang='lat' dir='ltr'>credat</span> 
     </span>
     <span class='ocr_line' id='line_1_7' title="bbox 613 1212 2855 1295; baseline 0 -19"><span class='ocrx_word' id='word_1_40' title='bbox 613 1213 979 1292; x_wconf 87' lang='lat' dir='ltr'>Ambrosi0‚</span> <span class='ocrx_word' id='word_1_41' title='bbox 1029 1213 1139 1295; x_wconf 85' lang='lat' dir='ltr'>qui</span> <span class='ocrx_word' id='word_1_42' title='bbox 1183 1214 1251 1276; x_wconf 90' lang='lat' dir='ltr'>in</span> <span class='ocrx_word' id='word_1_43' title='bbox 1297 1213 1580 1278; x_wconf 90' lang='lat' dir='ltr'>secundo</span> <span class='ocrx_word' id='word_1_44' title='bbox 1629 1213 1713 1277; x_wconf 90' lang='lat' dir='ltr'>ad</span> <span class='ocrx_word' id='word_1_45' title='bbox 1758 1214 2212 1295; x_wconf 81' lang='lat' dir='ltr'>imperatorem</span> <span class='ocrx_word' id='word_1_46' title='bbox 2258 1212 2646 1278; x_wconf 79' lang='lat' dir='ltr'>Gratianum</span> <span class='ocrx_word' id='word_1_47' title='bbox 2690 1212 2855 1277; x_wconf 87' lang='lat' dir='ltr'>libro</span> 
     </span>
     <span class='ocr_line' id='line_1_8' title="bbox 614 1320 2854 1403; baseline -0 -18"><span class='ocrx_word' id='word_1_48' title='bbox 614 1320 1034 1385; x_wconf 83' lang='lat' dir='ltr'>acerbitatem</span> <span class='ocrx_word' id='word_1_49' title='bbox 1096 1322 1407 1402; x_wconf 89' lang='lat' dir='ltr'>temporis</span> <span class='ocrx_word' id='word_1_50' title='bbox 1471 1320 1608 1403; x_wconf 90' lang='lat' dir='ltr'>ipse</span> <span class='ocrx_word' id='word_1_51' title='bbox 1675 1320 2019 1403; x_wconf 89' lang='lat' dir='ltr'>deplorans</span> <span class='ocrx_word' id='word_1_52' title='bbox 2086 1321 2211 1384; x_wconf 85' lang='lat' dir='ltr'>ait:</span> <span class='ocrx_word' id='word_1_53' title='bbox 2286 1324 2424 1385; x_wconf 82' lang='lat' dir='ltr'>Sed</span> <span class='ocrx_word' id='word_1_54' title='bbox 2473 1328 2607 1386; x_wconf 79' lang='lat' dir='ltr'>iam</span> <span class='ocrx_word' id='word_1_55' title='bbox 2655 1328 2854 1400; x_wconf 78' lang='lat' dir='ltr'>satis,</span> 
     </span>
     <span class='ocr_line' id='line_1_9' title="bbox 611 1428 2859 1510; baseline 0 -19"><span class='ocrx_word' id='word_1_56' title='bbox 611 1428 840 1510; x_wconf 89' lang='lat' dir='ltr'>inquit,</span> <span class='ocrx_word' id='word_1_57' title='bbox 888 1435 1305 1510; x_wconf 73' lang='lat' dir='ltr'>omnipotens</span> <span class='ocrx_word' id='word_1_58' title='bbox 1352 1432 1537 1507; x_wconf 84' lang='lat' dir='ltr'>deus,</span> <span class='ocrx_word' id='word_1_59' title='bbox 1588 1438 1820 1492; x_wconf 79' lang='lat' dir='ltr'>nostro</span> <span class='ocrx_word' id='word_1_60' title='bbox 1869 1435 2081 1492; x_wconf 64' lang='lat' dir='ltr'>emitto</span> <span class='ocrx_word' id='word_1_61' title='bbox 2128 1438 2486 1508; x_wconf 79' lang='lat' dir='ltr'>nostroque</span> <span class='ocrx_word' id='word_1_62' title='bbox 2531 1434 2859 1506; x_wconf 63' lang='lat' dir='ltr'>sanquine</span> 
     </span>
     <span class='ocr_line' id='line_1_10' title="bbox 613 1538 2858 1616; baseline -0.001 -15"><span class='ocrx_word' id='word_1_63' title='bbox 613 1540 1076 1616; x_wconf 81' lang='lat' dir='ltr'>confessorum</span> <span class='ocrx_word' id='word_1_64' title='bbox 1125 1556 1318 1599; x_wconf 79' lang='lat' dir='ltr'>neces</span> <span class='ocrx_word' id='word_1_65' title='bbox 1366 1540 1580 1599; x_wconf 63' lang='lat' dir='ltr'>emilia</span> <span class='ocrx_word' id='word_1_66' title='bbox 1627 1538 2052 1600; x_wconf 82' lang='lat' dir='ltr'>sacerdotum</span> <span class='ocrx_word' id='word_1_67' title='bbox 2101 1544 2173 1599; x_wconf 85' lang='lat' dir='ltr'>et</span> <span class='ocrx_word' id='word_1_68' title='bbox 2211 1539 2413 1615; x_wconf 78' lang='lat' dir='ltr'>nefas</span> <span class='ocrx_word' id='word_1_69' title='bbox 2461 1545 2692 1599; x_wconf 79' lang='lat' dir='ltr'>tantae</span> <span class='ocrx_word' id='word_1_70' title='bbox 2739 1542 2858 1599; x_wconf 79' lang='lat' dir='ltr'>im-</span> 
     </span>
     <span class='ocr_line' id='line_1_11' title="bbox 542 1644 2856 1725; baseline 0 -20"><span class='ocrx_word' id='word_1_71' title='bbox 542 1650 888 1725; x_wconf 78' lang='lat' dir='ltr'>mpz‘etatz&#39;s</span> <span class='ocrx_word' id='word_1_72' title='bbox 934 1647 1240 1706; x_wconf 73' lang='lat' dir='ltr'>eluimus.</span> <span class='ocrx_word' id='word_1_73' title='bbox 1314 1644 1500 1706; x_wconf 73' lang='lat' dir='ltr'>Satis</span> <span class='ocrx_word' id='word_1_74' title='bbox 1546 1646 1800 1706; x_wconf 78' lang='lat' dir='ltr'>claruit</span> <span class='ocrx_word' id='word_1_75' title='bbox 1840 1662 1977 1722; x_wconf 91' lang='lat' dir='ltr'>eos,</span> <span class='ocrx_word' id='word_1_76' title='bbox 2028 1649 2142 1722; x_wconf 80' lang='lat' dir='ltr'>qut</span> <span class='ocrx_word' id='word_1_77' title='bbox 2188 1646 2590 1706; x_wconf 74' lang='lat' dir='ltr'>violaverint</span> <span class='ocrx_word' id='word_1_78' title='bbox 2623 1645 2856 1722; x_wconf 78' lang='lat' dir='ltr'>fidem,</span> 
     </span>
     <span class='ocr_line' id='line_1_12' title="bbox 614 1747 2856 1830; baseline -0.002 -16"><span class='ocrx_word' id='word_1_79' title='bbox 614 1759 792 1814; x_wconf 85' lang='lat' dir='ltr'>tutos</span> <span class='ocrx_word' id='word_1_80' title='bbox 840 1770 988 1813; x_wconf 92' lang='lat' dir='ltr'>esse</span> <span class='ocrx_word' id='word_1_81' title='bbox 1036 1769 1165 1813; x_wconf 79' lang='lat' dir='ltr'>uon</span> <span class='ocrx_word' id='word_1_82' title='bbox 1205 1769 1426 1830; x_wconf 79' lang='lat' dir='ltr'>posse.</span> <span class='ocrx_word' id='word_1_83' title='bbox 1519 1748 1691 1813; x_wconf 89' lang='lat' dir='ltr'>Item</span> <span class='ocrx_word' id='word_1_84' title='bbox 1737 1748 1804 1811; x_wconf 91' lang='lat' dir='ltr'>in</span> <span class='ocrx_word' id='word_1_85' title='bbox 1845 1749 2045 1812; x_wconf 73' lang='lat' dir='ltr'>&#39;tertio</span> <span class='ocrx_word' id='word_1_86' title='bbox 2073 1748 2378 1826; x_wconf 44' lang='lat' dir='ltr'>‚eiusdem</span> <span class='ocrx_word' id='word_1_87' title='bbox 2422 1748 2632 1829; x_wconf 89' lang='lat' dir='ltr'>operis</span> <span class='ocrx_word' id='word_1_88' title='bbox 2663 1747 2856 1811; x_wconf 87' lang='lat' dir='ltr'>libro:</span> 
     </span>
     <span class='ocr_line' id='line_1_13' title="bbox 613 1855 2860 1938; baseline -0.001 -18"><span class='ocrx_word' id='word_1_89' title='bbox 613 1876 953 1921; x_wconf 73' lang='lat' dir='ltr'>servemus</span> <span class='ocrx_word' id='word_1_90' title='bbox 986 1862 1218 1938; x_wconf 72' lang='lat' dir='ltr'>iyttur,</span> <span class='ocrx_word' id='word_1_91' title='bbox 1247 1855 1475 1938; x_wconf 86' lang='lat' dir='ltr'>inquit,</span> <span class='ocrx_word' id='word_1_92' title='bbox 1499 1864 1869 1937; x_wconf 78' lang='lat' dir='ltr'>praecepta</span> <span class='ocrx_word' id='word_1_93' title='bbox 1900 1863 2255 1935; x_wconf 76' lang='lat' dir='ltr'>matorum,</span> <span class='ocrx_word' id='word_1_94' title='bbox 2290 1876 2411 1920; x_wconf 83' lang='lat' dir='ltr'>nee</span> <span class='ocrx_word' id='word_1_95' title='bbox 2441 1859 2860 1920; x_wconf 72' lang='lat' dir='ltr'>hereditaria</span> 
     </span>
     <span class='ocr_line' id='line_1_14' title="bbox 612 1966 2862 2045; baseline -0.001 -16"><span class='ocrx_word' id='word_1_96' title='bbox 612 1969 963 2045; x_wconf 60' lang='lat' dir='ltr'>signacula</span> <span class='ocrx_word' id='word_1_97' title='bbox 1010 1969 1165 2028; x_wconf 77' lang='lat' dir='ltr'>ausi</span> <span class='ocrx_word' id='word_1_98' title='bbox 1211 1967 1402 2027; x_wconf 69' lang='lat' dir='ltr'>rudis</span> <span class='ocrx_word' id='word_1_99' title='bbox 1451 1970 1832 2028; x_wconf 74' lang='lat' dir='ltr'>temeritate</span> <span class='ocrx_word' id='word_1_100' title='bbox 1879 1967 2219 2029; x_wconf 76' lang='lat' dir='ltr'>violemus,</span> <span class='ocrx_word' id='word_1_101' title='bbox 2311 1966 2588 2027; x_wconf 75' lang='lat' dir='ltr'>Librum</span> <span class='ocrx_word' id='word_1_102' title='bbox 2637 1970 2862 2044; x_wconf 69' lang='lat' dir='ltr'>sigma-</span> 
     </span>
     <span class='ocr_line' id='line_1_15' title="bbox 614 2074 2862 2155; baseline -0.001 -20"><span class='ocrx_word' id='word_1_103' title='bbox 614 2081 751 2136; x_wconf 85' lang='lat' dir='ltr'>tum</span> <span class='ocrx_word' id='word_1_104' title='bbox 800 2075 985 2135; x_wconf 81' lang='lat' dir='ltr'>illum</span> <span class='ocrx_word' id='word_1_105' title='bbox 1028 2074 1489 2155; x_wconf 74' lang='lat' dir='ltr'>propheticum</span> <span class='ocrx_word' id='word_1_106' title='bbox 1536 2090 1669 2133; x_wconf 78' lang='lat' dir='ltr'>non</span> <span class='ocrx_word' id='word_1_107' title='bbox 1716 2077 2043 2151; x_wconf 69' lang='lat' dir='ltr'>seniore-9,</span> <span class='ocrx_word' id='word_1_108' title='bbox 2101 2091 2234 2133; x_wconf 79' lang='lat' dir='ltr'>non</span> <span class='ocrx_word' id='word_1_109' title='bbox 2270 2079 2669 2151; x_wconf 78' lang='lat' dir='ltr'>potestates,</span> <span class='ocrx_word' id='word_1_110' title='bbox 2730 2091 2862 2133; x_wconf 81' lang='lat' dir='ltr'>nou</span> 
     </span>
     <span class='ocr_line' id='line_1_16' title="bbox 541 2177 2861 2258; baseline -0.001 -16"><span class='ocrx_word' id='word_1_111' title='bbox 541 2203 594 2244; x_wconf 86' lang='lat'>15</span> <span class='ocrx_word' id='word_1_112' title='bbox 615 2182 862 2258; x_wconf 73' lang='lat' dir='ltr'>anyett,</span> <span class='ocrx_word' id='word_1_113' title='bbox 912 2197 1044 2241; x_wconf 81' lang='lat' dir='ltr'>non</span> <span class='ocrx_word' id='word_1_114' title='bbox 1092 2180 1478 2256; x_wconf 60' lang='lat' dir='ltr'>archangele·</span> <span class='ocrx_word' id='word_1_115' title='bbox 1524 2183 1792 2257; x_wconf 72' lang='lat' dir='ltr'>aperire</span> <span class='ocrx_word' id='word_1_116' title='bbox 1840 2183 1989 2239; x_wconf 73' lang='lat' dir='ltr'>aust</span> <span class='ocrx_word' id='word_1_117' title='bbox 2033 2186 2228 2255; x_wconf 82' lang='lat' dir='ltr'>sunt,·</span> <span class='ocrx_word' id='word_1_118' title='bbox 2275 2179 2410 2240; x_wconf 77' lang='lat' dir='ltr'>solz·</span> <span class='ocrx_word' id='word_1_119' title='bbox 2448 2177 2861 2241; x_wconf 74' lang='lat' dir='ltr'>Christo-ea·-</span> 
     </span>
     <span class='ocr_line' id='line_1_17' title="bbox 605 2285 2857 2366; baseline -0.001 -18"><span class='ocrx_word' id='word_1_120' title='bbox 605 2288 933 2366; x_wconf 76' lang='lat' dir='ltr'>ptanandt</span> <span class='ocrx_word' id='word_1_121' title='bbox 979 2290 1125 2347; x_wconf 77' lang='lat' dir='ltr'>etus</span> <span class='ocrx_word' id='word_1_122' title='bbox 1158 2290 1638 2364; x_wconf 59' lang='lat' dir='ltr'>praerogativa</span> <span class='ocrx_word' id='word_1_123' title='bbox 1684 2292 1953 2345; x_wconf 80' lang='lat' dir='ltr'>servata</span> <span class='ocrx_word' id='word_1_124' title='bbox 2001 2292 2121 2345; x_wconf 82' lang='lat' dir='ltr'>est.</span> <span class='ocrx_word' id='word_1_125' title='bbox 2216 2285 2491 2345; x_wconf 75' lang='lat' dir='ltr'>Librum</span> <span class='ocrx_word' id='word_1_126' title='bbox 2539 2285 2857 2346; x_wconf 82' lang='lat' dir='ltr'>sacerdo-</span> 
     </span>
     <span class='ocr_line' id='line_1_18' title="bbox 615 2391 2862 2471; baseline -0.001 -16"><span class='ocrx_word' id='word_1_127' title='bbox 615 2395 816 2456; x_wconf 83' lang='lat' dir='ltr'>talem</span> <span class='ocrx_word' id='word_1_128' title='bbox 864 2397 1011 2471; x_wconf 79' lang='lat' dir='ltr'>que‘s</span> <span class='ocrx_word' id='word_1_129' title='bbox 1057 2397 1357 2454; x_wconf 77' lang='lat' dir='ltr'>nostrum</span> <span class='ocrx_word' id='word_1_130' title='bbox 1408 2391 1790 2469; x_wconf 69' lang='lat' dir='ltr'>dtsstynare</span> <span class='ocrx_word' id='word_1_131' title='bbox 1837 2391 2102 2468; x_wconf 81' lang='lat' dir='ltr'>audeat,</span> <span class='ocrx_word' id='word_1_132' title='bbox 2153 2396 2487 2468; x_wconf 73' lang='lat' dir='ltr'>stynatum</span> <span class='ocrx_word' id='word_1_133' title='bbox 2525 2410 2566 2452; x_wconf 90' lang='lat' dir='ltr'>a</span> <span class='ocrx_word' id='word_1_134' title='bbox 2598 2393 2862 2468; x_wconf 78' lang='lat' dir='ltr'>confes-</span> 
     </span>
     <span class='ocr_line' id='line_1_19' title="bbox 613 2498 2859 2576; baseline -0.001 -14"><span class='ocrx_word' id='word_1_135' title='bbox 613 2501 882 2562; x_wconf 71' lang='lat' dir='ltr'>soribus</span> <span class='ocrx_word' id='word_1_136' title='bbox 928 2505 998 2561; x_wconf 89' lang='lat' dir='ltr'>et</span> <span class='ocrx_word' id='word_1_137' title='bbox 1039 2499 1398 2560; x_wconf 82' lang='lat' dir='ltr'>multorum</span> <span class='ocrx_word' id='word_1_138' title='bbox 1459 2501 1593 2558; x_wconf 77' lang='lat' dir='ltr'>iam</span> <span class='ocrx_word' id='word_1_139' title='bbox 1656 2502 1987 2576; x_wconf 74' lang='lat' dir='ltr'>martyrio</span> <span class='ocrx_word' id='word_1_140' title='bbox 2048 2503 2560 2560; x_wconf 78' lang='lat' dir='ltr'>consecratum?</span> <span class='ocrx_word' id='word_1_141' title='bbox 2656 2498 2859 2572; x_wconf 83' lang='lat' dir='ltr'>Quem</span> 
     </span>
     <span class='ocr_line' id='line_1_20' title="bbox 614 2605 2862 2686; baseline -0.001 -17"><span class='ocrx_word' id='word_1_142' title='bbox 614 2613 728 2686; x_wconf 78' lang='lat' dir='ltr'>qut</span> <span class='ocrx_word' id='word_1_143' title='bbox 775 2608 1156 2684; x_wconf 73' lang='lat' dir='ltr'>dtsstynare</span> <span class='ocrx_word' id='word_1_144' title='bbox 1202 2609 1418 2667; x_wconf 75' lang='lat' dir='ltr'>coacte·</span> <span class='ocrx_word' id='word_1_145' title='bbox 1462 2610 1638 2681; x_wconf 83' lang='lat' dir='ltr'>sunt,</span> <span class='ocrx_word' id='word_1_146' title='bbox 1678 2611 1923 2682; x_wconf 79' lang='lat' dir='ltr'>postea</span> <span class='ocrx_word' id='word_1_147' title='bbox 1973 2610 2195 2666; x_wconf 81' lang='lat' dir='ltr'>tamen</span> <span class='ocrx_word' id='word_1_148' title='bbox 2242 2605 2563 2666; x_wconf 81' lang='lat' dir='ltr'>damnata</span> <span class='ocrx_word' id='word_1_149' title='bbox 2604 2605 2862 2682; x_wconf 82' lang='lat' dir='ltr'>fraude</span> 
     </span>
     <span class='ocr_line' id='line_1_21' title="bbox 543 2711 2862 2792; baseline -0.002 -17"><span class='ocrx_word' id='word_1_150' title='bbox 543 2736 597 2775; x_wconf 82' lang='lat'>20</span> <span class='ocrx_word' id='word_1_151' title='bbox 614 2718 1007 2792; x_wconf 53' lang='lat' dir='ltr'>stauarunm</span> <span class='ocrx_word' id='word_1_152' title='bbox 1055 2716 1168 2790; x_wconf 80' lang='lat' dir='ltr'>qui</span> <span class='ocrx_word' id='word_1_153' title='bbox 1214 2713 1465 2774; x_wconf 70' lang='lat' dir='ltr'>violare</span> <span class='ocrx_word' id='word_1_154' title='bbox 1511 2729 1643 2773; x_wconf 79' lang='lat' dir='ltr'>uon</span> <span class='ocrx_word' id='word_1_155' title='bbox 1691 2715 1844 2772; x_wconf 85' lang='lat' dir='ltr'>ausz‘</span> <span class='ocrx_word' id='word_1_156' title='bbox 1888 2717 2067 2788; x_wconf 84' lang='lat' dir='ltr'>sunt,</span> <span class='ocrx_word' id='word_1_157' title='bbox 2117 2711 2546 2787; x_wconf 78' lang='lat' dir='ltr'>confessores</span> <span class='ocrx_word' id='word_1_158' title='bbox 2588 2718 2658 2772; x_wconf 85' lang='lat' dir='ltr'>et</span> <span class='ocrx_word' id='word_1_159' title='bbox 2684 2729 2862 2772; x_wconf 84' lang='lat' dir='ltr'>mar-</span> 
     </span>
     <span class='ocr_line' id='line_1_22' title="bbox 616 2818 2863 2900; baseline -0.002 -17"><span class='ocrx_word' id='word_1_160' title='bbox 616 2828 804 2900; x_wconf 75' lang='lat' dir='ltr'>tyres</span> <span class='ocrx_word' id='word_1_161' title='bbox 851 2824 1241 2881; x_wconf 71' lang='lat' dir='ltr'>eoetz‘terunt.</span> <span class='ocrx_word' id='word_1_162' title='bbox 1341 2818 1675 2892; x_wconf 82' lang='lat' dir='ltr'>Quomodo</span> <span class='ocrx_word' id='word_1_163' title='bbox 1738 2818 1938 2894; x_wconf 79' lang='lat' dir='ltr'>fidem</span> <span class='ocrx_word' id='word_1_164' title='bbox 1989 2835 2216 2879; x_wconf 81' lang='lat' dir='ltr'>eorum</span> <span class='ocrx_word' id='word_1_165' title='bbox 2255 2836 2621 2897; x_wconf 79' lang='lat' dir='ltr'>possumus</span> <span class='ocrx_word' id='word_1_166' title='bbox 2667 2819 2863 2879; x_wconf 82' lang='lat' dir='ltr'>dene-</span> 
     </span>
     <span class='ocr_line' id='line_1_23' title="bbox 610 2921 2861 3007; baseline -0.002 -17"><span class='ocrx_word' id='word_1_167' title='bbox 610 2945 800 3007; x_wconf 72' lang='lat' dir='ltr'>yare,</span> <span class='ocrx_word' id='word_1_168' title='bbox 849 2945 1128 3005; x_wconf 82' lang='lat' dir='ltr'>quorum</span> <span class='ocrx_word' id='word_1_169' title='bbox 1177 2930 1523 2988; x_wconf 74' lang='lat' dir='ltr'>victoriam</span> <span class='ocrx_word' id='word_1_170' title='bbox 1565 2926 2085 3004; x_wconf 74' lang='lat' dir='ltr'>praedicamus?</span> <span class='ocrx_word' id='word_1_171' title='bbox 2156 2921 2616 2986; x_wconf 88' lang='lat' dir='ltr'>Praedicamus</span> <span class='ocrx_word' id='word_1_172' title='bbox 2646 2921 2861 3004; x_wconf 88' lang='lat' dir='ltr'>plane,</span> 
     </span>
     <span class='ocr_line' id='line_1_24' title="bbox 614 3028 2863 3114; baseline -0 -19"><span class='ocrx_word' id='word_1_173' title='bbox 614 3032 893 3114; x_wconf 88' lang='lat' dir='ltr'>inquam,</span> <span class='ocrx_word' id='word_1_174' title='bbox 945 3052 981 3095; x_wconf 92' lang='lat' dir='ltr'>o</span> <span class='ocrx_word' id='word_1_175' title='bbox 1030 3030 1393 3095; x_wconf 86' lang='lat' dir='ltr'>venerande</span> <span class='ocrx_word' id='word_1_176' title='bbox 1437 3028 1772 3112; x_wconf 88' lang='lat' dir='ltr'>Ambrosi,</span> <span class='ocrx_word' id='word_1_177' title='bbox 1834 3031 2280 3112; x_wconf 88' lang='lat' dir='ltr'>praedicamus</span> <span class='ocrx_word' id='word_1_178' title='bbox 2325 3030 2536 3112; x_wconf 89' lang='lat' dir='ltr'>plane,</span> <span class='ocrx_word' id='word_1_179' title='bbox 2599 3030 2863 3094; x_wconf 90' lang='lat' dir='ltr'>laudan-</span> 
     </span>
     <span class='ocr_line' id='line_1_25' title="bbox 615 3136 2859 3221; baseline -0.001 -19"><span class='ocrx_word' id='word_1_180' title='bbox 615 3143 841 3221; x_wconf 86' lang='lat' dir='ltr'>tesque</span> <span class='ocrx_word' id='word_1_181' title='bbox 887 3138 1210 3204; x_wconf 89' lang='lat' dir='ltr'>miramur.</span> <span class='ocrx_word' id='word_1_182' title='bbox 1302 3136 1475 3201; x_wconf 92' lang='lat' dir='ltr'>Nam</span> <span class='ocrx_word' id='word_1_183' title='bbox 1524 3138 1666 3219; x_wconf 88' lang='lat' dir='ltr'>quis</span> <span class='ocrx_word' id='word_1_184' title='bbox 1712 3136 1817 3200; x_wconf 91' lang='lat' dir='ltr'>ille</span> <span class='ocrx_word' id='word_1_185' title='bbox 1866 3142 1999 3200; x_wconf 90' lang='lat' dir='ltr'>tam</span> <span class='ocrx_word' id='word_1_186' title='bbox 2057 3136 2319 3200; x_wconf 90' lang='lat' dir='ltr'>demens</span> <span class='ocrx_word' id='word_1_187' title='bbox 2375 3142 2496 3218; x_wconf 87' lang='lat' dir='ltr'>est,</span> <span class='ocrx_word' id='word_1_188' title='bbox 2558 3138 2667 3219; x_wconf 85' lang='lat' dir='ltr'>qui</span> <span class='ocrx_word' id='word_1_189' title='bbox 2729 3157 2859 3217; x_wconf 78' lang='lat' dir='ltr'>eOS‚</span> 
     </span>
     <span class='ocr_line' id='line_1_26' title="bbox 543 3243 2863 3327; baseline -0.002 -14"><span class='ocrx_word' id='word_1_190' title='bbox 543 3273 596 3313; x_wconf 83' lang='lat'>25</span> <span class='ocrx_word' id='word_1_191' title='bbox 618 3245 738 3308; x_wconf 90' lang='lat' dir='ltr'>etsi</span> <span class='ocrx_word' id='word_1_192' title='bbox 784 3244 1051 3327; x_wconf 86' lang='lat' dir='ltr'>adsequi</span> <span class='ocrx_word' id='word_1_193' title='bbox 1095 3266 1228 3309; x_wconf 92' lang='lat' dir='ltr'>non</span> <span class='ocrx_word' id='word_1_194' title='bbox 1276 3243 1547 3324; x_wconf 87' lang='lat' dir='ltr'>evaleat,</span> <span class='ocrx_word' id='word_1_195' title='bbox 1593 3264 1726 3307; x_wconf 91' lang='lat' dir='ltr'>non</span> <span class='ocrx_word' id='word_1_196' title='bbox 1774 3248 2037 3325; x_wconf 88' lang='lat' dir='ltr'>exoptet</span> <span class='ocrx_word' id='word_1_197' title='bbox 2083 3244 2291 3325; x_wconf 85' lang='lat' dir='ltr'>sequi,</span> <span class='ocrx_word' id='word_1_198' title='bbox 2342 3265 2504 3326; x_wconf 88' lang='lat' dir='ltr'>quos</span> <span class='ocrx_word' id='word_1_199' title='bbox 2552 3266 2592 3308; x_wconf 91' lang='lat' dir='ltr'>a</span> <span class='ocrx_word' id='word_1_200' title='bbox 2639 3244 2863 3309; x_wconf 87' lang='lat' dir='ltr'>defen-</span> 
     </span>
     <span class='ocr_line' id='line_1_27' title="bbox 617 3349 2863 3432; baseline 0 -17"><span class='ocrx_word' id='word_1_201' title='bbox 617 3352 796 3416; x_wconf 92' lang='lat' dir='ltr'>sione</span> <span class='ocrx_word' id='word_1_202' title='bbox 842 3352 1154 3415; x_wconf 87' lang='lat' dir='ltr'>maiorum</span> <span class='ocrx_word' id='word_1_203' title='bbox 1199 3349 1352 3415; x_wconf 90' lang='lat' dir='ltr'>fidei</span> <span class='ocrx_word' id='word_1_204' title='bbox 1395 3350 1572 3414; x_wconf 91' lang='lat' dir='ltr'>nulla</span> <span class='ocrx_word' id='word_1_205' title='bbox 1615 3351 1708 3413; x_wconf 87' lang='lat' dir='ltr'>vis</span> <span class='ocrx_word' id='word_1_206' title='bbox 1757 3349 2022 3432; x_wconf 87' lang='lat' dir='ltr'>depulit,</span> <span class='ocrx_word' id='word_1_207' title='bbox 2071 3370 2198 3413; x_wconf 92' lang='lat' dir='ltr'>non</span> <span class='ocrx_word' id='word_1_208' title='bbox 2237 3350 2472 3432; x_wconf 88' lang='lat' dir='ltr'>minae,</span> <span class='ocrx_word' id='word_1_209' title='bbox 2520 3371 2650 3414; x_wconf 90' lang='lat' dir='ltr'>non</span> <span class='ocrx_word' id='word_1_210' title='bbox 2682 3351 2863 3415; x_wconf 90' lang='lat' dir='ltr'>blan-</span> 
     </span>
     <span class='ocr_line' id='line_1_28' title="bbox 617 3457 2860 3540; baseline -0 -18"><span class='ocrx_word' id='word_1_211' title='bbox 617 3458 918 3539; x_wconf 87' lang='lat' dir='ltr'>dimenta,</span> <span class='ocrx_word' id='word_1_212' title='bbox 966 3479 1095 3522; x_wconf 90' lang='lat' dir='ltr'>non</span> <span class='ocrx_word' id='word_1_213' title='bbox 1146 3459 1292 3538; x_wconf 87' lang='lat' dir='ltr'>vita,</span> <span class='ocrx_word' id='word_1_214' title='bbox 1342 3478 1472 3522; x_wconf 92' lang='lat' dir='ltr'>non</span> <span class='ocrx_word' id='word_1_215' title='bbox 1518 3478 1711 3539; x_wconf 91' lang='lat' dir='ltr'>mors,</span> <span class='ocrx_word' id='word_1_216' title='bbox 1771 3478 1905 3521; x_wconf 91' lang='lat' dir='ltr'>non</span> <span class='ocrx_word' id='word_1_217' title='bbox 1949 3457 2282 3539; x_wconf 87' lang='lat' dir='ltr'>palatium,</span> <span class='ocrx_word' id='word_1_218' title='bbox 2340 3478 2471 3521; x_wconf 91' lang='lat' dir='ltr'>non</span> <span class='ocrx_word' id='word_1_219' title='bbox 2520 3457 2860 3540; x_wconf 79' lang='lat' dir='ltr'>satelliteS‚</span> 
     </span>
     <span class='ocr_line' id='line_1_29' title="bbox 616 3564 2861 3649; baseline -0.001 -18"><span class='ocrx_word' id='word_1_220' title='bbox 616 3588 748 3631; x_wconf 91' lang='lat' dir='ltr'>non</span> <span class='ocrx_word' id='word_1_221' title='bbox 793 3567 1166 3649; x_wconf 87' lang='lat' dir='ltr'>imperator,</span> <span class='ocrx_word' id='word_1_222' title='bbox 1212 3586 1342 3630; x_wconf 90' lang='lat' dir='ltr'>non</span> <span class='ocrx_word' id='word_1_223' title='bbox 1385 3566 1743 3646; x_wconf 86' lang='lat' dir='ltr'>imperium,</span> <span class='ocrx_word' id='word_1_224' title='bbox 1792 3586 1921 3628; x_wconf 91' lang='lat' dir='ltr'>non</span> <span class='ocrx_word' id='word_1_225' title='bbox 1952 3564 2265 3646; x_wconf 80' lang='lat' dir='ltr'>homineS‚</span> <span class='ocrx_word' id='word_1_226' title='bbox 2310 3586 2440 3629; x_wconf 91' lang='lat' dir='ltr'>non</span> <span class='ocrx_word' id='word_1_227' title='bbox 2474 3565 2861 3629; x_wconf 79' lang='lat' dir='ltr'>daemones?</span> 
     </span>
     <span class='ocr_line' id='line_1_30' title="bbox 619 3671 2863 3756; baseline -0.001 -19"><span class='ocrx_word' id='word_1_228' title='bbox 619 3671 831 3756; x_wconf 74' lang='lat' dir='ltr'>QUOS,</span> <span class='ocrx_word' id='word_1_229' title='bbox 895 3674 1185 3756; x_wconf 88' lang='lat' dir='ltr'>inquam,</span> <span class='ocrx_word' id='word_1_230' title='bbox 1251 3694 1371 3754; x_wconf 89' lang='lat' dir='ltr'>pro</span> <span class='ocrx_word' id='word_1_231' title='bbox 1436 3672 1774 3754; x_wconf 85' lang='lat' dir='ltr'>religiosae</span> <span class='ocrx_word' id='word_1_232' title='bbox 1842 3672 2183 3737; x_wconf 86' lang='lat' dir='ltr'>vetustatis</span> <span class='ocrx_word' id='word_1_233' title='bbox 2251 3673 2604 3737; x_wconf 87' lang='lat' dir='ltr'>tenacitate</span> <span class='ocrx_word' id='word_1_234' title='bbox 2674 3679 2863 3736; x_wconf 88' lang='lat' dir='ltr'>tanto</span> 
     </span>
     <span class='ocr_line' id='line_1_31' title="bbox 545 3779 2865 3865; baseline -0.003 -18"><span class='ocrx_word' id='word_1_235' title='bbox 545 3808 598 3847; x_wconf 79' lang='lat'>30</span> <span class='ocrx_word' id='word_1_236' title='bbox 617 3802 878 3845; x_wconf 90' lang='lat' dir='ltr'>munere</span> <span class='ocrx_word' id='word_1_237' title='bbox 927 3780 1219 3844; x_wconf 93' lang='lat' dir='ltr'>dominus</span> <span class='ocrx_word' id='word_1_238' title='bbox 1267 3780 1491 3862; x_wconf 87' lang='lat' dir='ltr'>dignos</span> <span class='ocrx_word' id='word_1_239' title='bbox 1539 3779 1861 3859; x_wconf 86' lang='lat' dir='ltr'>iudicavit,</span> <span class='ocrx_word' id='word_1_240' title='bbox 1910 3785 1985 3842; x_wconf 92' lang='lat' dir='ltr'>ut</span> <span class='ocrx_word' id='word_1_241' title='bbox 2029 3801 2147 3861; x_wconf 91' lang='lat' dir='ltr'>per</span> <span class='ocrx_word' id='word_1_242' title='bbox 2188 3800 2307 3865; x_wconf 56' lang='lat' dir='ltr'>⁴eos</span> <span class='ocrx_word' id='word_1_243' title='bbox 2354 3783 2720 3861; x_wconf 90' lang='lat' dir='ltr'>prostratas</span> <span class='ocrx_word' id='word_1_244' title='bbox 2764 3800 2865 3841; x_wconf 80' lang='lat' dir='ltr'>re-</span> 
     </span>
     <span class='ocr_line' id='line_1_32' title="bbox 619 3884 2863 3969; baseline -0.001 -18"><span class='ocrx_word' id='word_1_245' title='bbox 619 3892 943 3952; x_wconf 90' lang='lat' dir='ltr'>stauraret</span> <span class='ocrx_word' id='word_1_246' title='bbox 989 3887 1288 3951; x_wconf 88' lang='lat' dir='ltr'>ecclesias</span> <span class='ocrx_word' id='word_1_247' title='bbox 1299 3934 1316 3968; x_wconf 92' lang='lat'>,</span> <span class='ocrx_word' id='word_1_248' title='bbox 1383 3886 1703 3950; x_wconf 84' lang='lat' dir='ltr'>extinctos</span> <span class='ocrx_word' id='word_1_249' title='bbox 1750 3886 2123 3969; x_wconf 88' lang='lat' dir='ltr'>spiritaliter</span> <span class='ocrx_word' id='word_1_250' title='bbox 2166 3886 2446 3968; x_wconf 90' lang='lat' dir='ltr'>populos</span> <span class='ocrx_word' id='word_1_251' title='bbox 2492 3884 2863 3965; x_wconf 87' lang='lat' dir='ltr'>vivificaret,</span> 
     </span>
    </p>
   </div>
   <div class='ocr_carea' id='block_1_3' title="bbox 535 4026 2868 4188">
    <p class='ocr_par' dir='ltr' id='par_1_3' title="bbox 535 4026 2868 4188">
     <span class='ocr_line' id='line_1_33' title="bbox 535 4026 2868 4097; baseline 0 -16"><span class='ocrx_word' id='word_1_252' title='bbox 535 4078 540 4081; x_wconf 88' lang='lat'>.</span> <span class='ocrx_word' id='word_1_253' title='bbox 798 4032 830 4082; x_wconf 89' lang='lat'><strong>7</strong></span> <span class='ocrx_word' id='word_1_254' title='bbox 866 4028 1125 4084; x_wconf 90' lang='lat' dir='ltr'>Ambros.</span> <span class='ocrx_word' id='word_1_255' title='bbox 1165 4029 1234 4083; x_wconf 89' lang='lat' dir='ltr'>de</span> <span class='ocrx_word' id='word_1_256' title='bbox 1270 4028 1381 4083; x_wconf 90' lang='lat' dir='ltr'>fide</span> <span class='ocrx_word' id='word_1_257' title='bbox 1416 4028 1480 4082; x_wconf 81' lang='grc' dir='ltr'>ΙΙ</span> <span class='ocrx_word' id='word_1_258' title='bbox 1518 4046 1563 4084; x_wconf 91' lang='lat' dir='ltr'>c.</span> <span class='ocrx_word' id='word_1_259' title='bbox 1600 4028 1763 4097; x_wconf 89' lang='lat' dir='ltr'>XVI,</span> <span class='ocrx_word' id='word_1_260' title='bbox 1804 4029 1922 4082; x_wconf 87' lang='lat'>141.</span> <span class='ocrx_word' id='word_1_261' title='bbox 2117 4029 2183 4081; x_wconf 82' lang='lat'>12</span> <span class='ocrx_word' id='word_1_262' title='bbox 2219 4026 2480 4082; x_wconf 88' lang='lat' dir='ltr'>Ambros.</span> <span class='ocrx_word' id='word_1_263' title='bbox 2520 4028 2589 4082; x_wconf 89' lang='lat' dir='ltr'>de</span> <span class='ocrx_word' id='word_1_264' title='bbox 2625 4027 2735 4082; x_wconf 85' lang='lat' dir='ltr'>fide</span> <span class='ocrx_word' id='word_1_265' title='bbox 2771 4026 2868 4081; x_wconf 87' lang='grc' dir='ltr'>ΙΙΙ</span> 
     </span>
     <span class='ocr_line' id='line_1_34' title="bbox 620 4118 1903 4188; baseline -0.002 -14"><span class='ocrx_word' id='word_1_266' title='bbox 620 4138 667 4175; x_wconf 86' lang='lat' dir='ltr'>c.</span> <span class='ocrx_word' id='word_1_267' title='bbox 704 4118 835 4188; x_wconf 89' lang='lat' dir='ltr'>XV,</span> <span class='ocrx_word' id='word_1_268' title='bbox 877 4121 995 4173; x_wconf 80' lang='lat'>128.</span> <span class='ocrx_word' id='word_1_269' title='bbox 1217 4121 1283 4172; x_wconf 88' lang='grc'>13</span> <span class='ocrx_word' id='word_1_270' title='bbox 1329 4119 1397 4173; x_wconf 86' lang='lat' dir='ltr'>cf.</span> <span class='ocrx_word' id='word_1_271' title='bbox 1435 4118 1615 4187; x_wconf 89' lang='lat' dir='ltr'>Apoc.</span> <span class='ocrx_word' id='word_1_272' title='bbox 1657 4119 1706 4186; x_wconf 89' lang='lat'>5,</span> <span class='ocrx_word' id='word_1_273' title='bbox 1747 4120 1903 4172; x_wconf 88' lang='lat'>1—5.</span> 
     </span>
    </p>
   </div>
  </div>
 </body>
</html>
