3292 5109
1330 541 1387 597 V
1425 539 1667 610 (7)—VI
1706 541 1802 609 (9).
2648 546 2682 605 7

440 703 723 767 deiectas
757 701 1169 767 sacerdotum
1201 722 1475 766 coronas
1507 705 1875 782 reponeret,
1907 699 2189 766 nefarias
2219 701 2363 767 illas
2393 701 2686 766 novellae

437 809 785 893 impietatis
843 830 976 874 non
1033 809 1254 873 literas
1314 808 1429 872 sed
1490 808 1739 886 liturae,
1787 806 1999 872 infuso
2050 809 2319 874 caelitus
2367 809 2685 892 episcopis

438 915 714 982 fidelium
762 916 1168 981 lacrimarum
1212 914 1410 1006 fonte,
1457 913 1724 994 deleret,
1771 915 2132 979 universum
2179 922 2510 999 postremo
2557 916 2687 979 iam

437 1044 643 1107 paene
691 1022 999 1087 mundum
1046 1042 1238 1087 saeva
1281 1021 1658 1104 repentinae
1704 1021 2045 1086 haereseos
2099 1027 2489 1104 tempestate
2544 1044 2687 1105 per-

439 1131 708 1213 culsum,
757 1129 840 1193 ad
885 1129 1217 1211 antiquam
1262 1127 1456 1193 fidem
1501 1149 1541 1192 a
1584 1127 1838 1193 novella
1881 1126 2175 1210 perfidia,
2225 1128 2311 1193 ad
2356 1128 2687 1211 antiquam
2706 1148 2732 1191 5

440 1238 780 1301 sanitatem
825 1258 865 1300 a
911 1237 1216 1301 novitatis
1263 1235 1553 1318 vesania,
1616 1234 1702 1299 ad
1760 1236 2096 1317 antiquam
2153 1236 2364 1301 lucem
2425 1257 2465 1300 a
2509 1236 2686 1301 novi-

436 1344 591 1409 tatis
641 1344 955 1408 caecitate
1001 1345 1366 1409 revocaret!

617 1452 711 1535 (8)
761 1449 891 1516 Sed
938 1451 1003 1516 in
1048 1450 1170 1516 hac
1204 1452 1415 1516 divina
1447 1450 1728 1535 quadam
1774 1450 2218 1517 confessorum
2247 1452 2483 1517 virtute
2528 1452 2689 1517 illud

438 1565 538 1623 est
585 1559 778 1623 etiam
824 1558 1010 1624 nobis
1042 1559 1141 1623 vel
1170 1559 1444 1624 maxime
1478 1558 2036 1639 considerandum,
2088 1558 2265 1642 quod
2310 1565 2467 1624 tunc
2513 1560 2687 1643 apud

435 1666 643 1747 ipsam
690 1666 998 1731 ecclesiae
1046 1671 1435 1731 vetustatem
1481 1687 1616 1731 non
1660 1665 1864 1748 partis
1912 1666 2179 1731 alicuius
2227 1667 2339 1731 sed
2385 1667 2686 1732 universi·
2708 1686 2762 1728 10

436 1773 588 1837 tatis
637 1773 718 1838 ab
765 1774 841 1837 iis
891 1779 990 1839 est
1037 1779 1340 1857 suscepta
1372 1772 1682 1839 defensio.
1760 1772 1995 1856 Neque
2043 1774 2212 1837 enim
2258 1773 2355 1838 fas
2404 1780 2565 1854 erat,
2615 1780 2689 1838 ut

436 1881 607 1945 tanti
652 1902 728 1946 ac
774 1881 938 1946 tales
984 1881 1103 1950 viri
1148 1882 1334 1945 unius
1391 1886 1506 1945 aut
1563 1880 1838 1945 duorum
1896 1880 2225 1952 hominum
2289 1881 2693 1945 errabundas

441 1988 686 2070 sibique
731 1988 888 2070 ipsis
934 1990 1290 2053 contrarias
1338 1988 1736 2071 suspiciones
1776 1992 1911 2051 tam
1951 2008 2184 2070 magno
2218 1988 2542 2053 molimine
2576 1988 2690 2053 ad-

443 2101 729 2160 sererent
776 2101 890 2160 aut
931 2117 1083 2160 vero
1116 2118 1235 2179 pro
1269 2096 1536 2161 alicuius
1568 2094 2001 2177 provinciolae
2032 2097 2380 2160 temeraria
2411 2096 2687 2179 quadam

441 2203 918 2285 conspiratione
965 2209 1305 2282 certarent,
1355 2202 1467 2267 sed
1517 2204 1799 2267 omnium
1840 2209 2103 2267 sanctae
2144 2203 2449 2268 ecclesiae
2483 2225 2686 2269 sacer·
2709 2220 2760 2261 15

443 2310 689 2392 dotum,
725 2310 1117 2391 apostolicae
1150 2316 1216 2375 et
1249 2310 1604 2377 catholicae
1635 2311 1926 2376 veritatis
1957 2310 2286 2392 heredum,
2322 2312 2583 2376 decreta
2623 2316 2690 2376 et

443 2415 707 2483 definita
755 2422 1084 2482 sectantes
1129 2417 1495 2482 maluerunt
1542 2417 1924 2501 semetipsos
1972 2439 2165 2500 quam
2209 2424 2499 2483 vetustae
2556 2420 2690 2483 uni-

437 2525 758 2589 versitatis
812 2524 1009 2589 fidem
1062 2525 1357 2607 prodere.
1452 2525 1645 2591 Unde
1694 2530 1759 2592 et
1806 2525 1889 2589 ad
1934 2531 2185 2589 tantam
2232 2526 2500 2608 gloriam
2545 2548 2688 2609 per-

439 2631 650 2696 venire
698 2638 1100 2714 meruerunt,
1164 2638 1238 2695 ut
1284 2653 1414 2696 non
1461 2632 1672 2697 solum
1718 2631 2152 2715 confessoreS,
2215 2654 2435 2697 verum
2494 2634 2688 2697 etiam

439 2738 882 2804 confessorum
925 2741 1246 2822 principes
1293 2741 1433 2805 iure
1480 2741 1843 2823 meritoque
1890 2740 2267 2806 habeantur.
2706 2773 2761 2811 20

615 2846 737 2915 VI.
772 2847 1090 2928 Magnum
1127 2848 1250 2912 hoc
1296 2848 1495 2930 igitur
1540 2847 1894 2912 eorundem
1941 2847 2281 2913 beatorum
2328 2848 2687 2930 exemplum

442 2954 764 3037 planeque
827 2955 1106 3019 divinum
1167 2962 1234 3020 et
1302 2956 1465 3019 veris
1536 2954 1894 3037 quibusque
1965 2955 2302 3020 catholicis
2369 2954 2687 3020 indefessa

436 3061 856 3128 meditatione
904 3061 1349 3144 recolendum,
1409 3061 1519 3145 qui
1562 3062 1630 3125 in
1675 3062 1936 3126 modum
1985 3060 2413 3145 septemplicis
2460 3062 2687 3128 cande-

435 3169 603 3234 labri
632 3175 901 3252 septena
947 3169 1156 3233 sancti
1187 3169 1450 3253 spiritus
1494 3169 1638 3234 luce
1686 3169 1923 3234 radiati
1968 3170 2380 3234 clarissimam
2404 3170 2685 3250 posteris

437 3276 774 3341 formulam
797 3282 1419 3361 praemonstrarunt,
1454 3277 1932 3360 quonammodo
1965 3277 2266 3359 deinceps
2296 3298 2415 3360 per
2436 3277 2687 3359 singula
2706 3305 2758 3345 25

440 3404 731 3466 quaeque
797 3405 1086 3448 errorum
1147 3385 1510 3468 vaniloquia
1571 3390 1864 3449 sacratae
1909 3385 2249 3448 vetustatis
2297 3384 2686 3448 auctoritate

436 3492 745 3574 profanae
793 3492 1098 3556 novitatis
1147 3497 1520 3557 conteratur
1567 3492 1859 3558 audacia.
1941 3491 2038 3574 (9)
2082 3489 2314 3572 Neque
2361 3491 2485 3555 hoc
2532 3512 2686 3556 sane

436 3619 708 3680 novumt,
756 3597 1071 3681 siquidem
1100 3619 1242 3663 mos
1271 3599 1393 3663 iste
1441 3619 1693 3680 semper
1738 3598 1804 3661 in
1854 3597 2122 3661 ecclesia
2151 3597 2373 3679 viguit,
2420 3603 2514 3678 ut,
2557 3618 2685 3681 quo

441 3707 710 3789 quisque
758 3705 926 3771 foret
972 3705 1354 3787 religiosior,
1404 3725 1480 3769 eo
1513 3703 1878 3786 promptius
1909 3703 2174 3768 novellis
2223 3703 2686 3769 adinventioni-

437 3812 558 3878 bus
608 3813 981 3880 contrairet.
2707 3837 2760 3877 so

615 3920 947 4002 Exemplis
978 3918 1214 3984 talibus
1244 3919 1439 4002 plena
1470 3924 1619 3984 sunt
1652 3920 1883 3987 omnia.
1964 3918 2092 3985 Sed
2129 3940 2211 3985 ne
2257 3918 2520 4001 longum
2549 3919 2688 4003 fiat,

616 4151 686 4203 23
726 4148 792 4203 cf.
829 4148 1010 4204 Exod.
1049 4151 1137 4218 25,
1174 4151 1241 4203 31
1256 4167 1375 4218 sqq.
1556 4150 1627 4202 26
1666 4149 1734 4204 ef.
1777 4152 1823 4203 1.
1850 4150 1989 4205 Tim.
2023 4139 2081 4219 ’6,
2117 4154 2214 4220 20³
2251 4154 2300 4205 2.
2327 4152 2468 4206 Tim.
2508 4154 2559 4217 2,
2601 4152 2687 4206 16.
