3292 5109
667 558 750 619 30
1637 553 1751 609 xx
1790 554 1923 625 (25).

663 715 840 798 serit,
886 715 952 779 id
998 737 1132 781 non
1176 715 1260 780 ad
1305 716 1682 799 religionem
1730 715 1845 779 sed
1894 713 1976 779 ad
2022 714 2452 779 tentationem
2483 712 2699 797 potius
2729 713 2913 778 intel-

661 822 800 905 ligit
844 822 1203 905 pertinere,
1261 828 1401 887 tum
1448 823 1794 906 praecipue
1840 821 2019 886 beati
2064 821 2343 905 apostoli
2386 821 2578 885 Pauli
2623 820 2914 885 eruditus

663 929 954 1012 eloquiis,
1045 929 1197 994 Hoc
1243 935 1344 994 est
1392 932 1580 1014 enini,
1631 928 1807 1012 quod
1853 928 1919 992 in
1964 929 2170 1011 prima
2215 929 2301 993 ad
2342 925 2711 993 Corinthios
2758 929 2913 992 scri·

662 1036 793 1101 bit:
845 1047 1129 1119 oportet,
1173 1037 1419 1125 inquit,
1453 1047 1523 1103 et
1563 1041 1884 1102 haereses
1930 1057 2104 1117 esse,
2153 1046 2232 1100 ut
2258 1039 2535 1118 probati
2564 1040 2916 1116 manifesti

617 1148 834 1225 sfiant
873 1151 945 1210 in
991 1148 1219 1224 vobi35
1266 1165 1343 1209 ac
1390 1146 1443 1209 si
1491 1145 1763 1209 diceret:
1816 1144 1899 1210 ob
1947 1143 2070 1208 hoc
2114 1142 2470 1208 haereseon
2515 1163 2649 1207 non
2693 1144 2914 1207 statim

662 1250 964 1314 divinitus
1027 1250 1440 1317 eradicantur
1499 1257 1836 1333 auctores,
1903 1262 1980 1316 ut
2011 1254 2289 1333 probati
2334 1254 2682 1330 manifeste·
2718 1253 2908 1331 fiant,

657 1356 727 1420 id
785 1363 917 1421 est:
983 1363 1057 1422 ut
1101 1359 1561 1442 unusquisque,
1604 1380 1815 1441 -quam
1872 1363 2069 1423 tenax
2123 1362 2191 1421 et
2234 1356 2441 1422 fidelis
2488 1363 2555 1421 et
2599 1355 2763 1421 fixus
2811 1378 2912 1422 ca-

657 1462 935 1530 tholicae
980 1463 1135 1530 fidei
1178 1466 1263 1529 sit
1308 1471 1578 1547 amator,
1627 1469 1961 1547 appareat.

834 1570 929 1636 Et
974 1592 1218 1653 revera,
1265 1593 1413 1637 cum
1459 1592 1754 1655 quaeque
1798 1572 2054 1637 novitas
2087 1570 2331 1653 ebullit,
2378 1571 2596 1636 statim
2627 1572 2914 1636 cernitur

588 1702 641 1741 m
657 1675 1123 1744 frumentorum
1170 1680 1448 1762 gravitas
1496 1684 1564 1744 et
1607 1680 1837 1744 levitas
1882 1678 2251 1761 palearum;
2299 1684 2455 1742 tunc
2497 1677 2634 1743 sine
2672 1661 2909 1762 magno

657 1784 978 1850 molimine
1026 1787 1351 1852 excutitur
1395 1787 1478 1851 ab
1525 1807 1699 1868 area,
1750 1786 1926 1868 quod
1966 1786 2141 1850 nullo
2172 1785 2460 1869 pondere
2491 1786 2663 1851 intra
2694 1807 2912 1851 aream

654 1891 1019 1958 tenebatur.
1113 1893 1413 1976 Namque
1477 1893 1586 1958 alii
1647 1893 1822 1958 illico
1884 1914 2147 1977 prorsus
2208 1892 2501 1973 avolant,
2569 1893 2676 1957 alii
2738 1916 2907 1976 vero,

654 2001 1110 2066 tantummodo
1178 2002 1460 2082 excussi,
1523 2006 1588 2066 et
1641 2001 1855 2084 perire
1915 2005 2214 2065 metuunt
2279 2005 2345 2065 et
2390 1999 2602 2065 redire
2651 2001 2907 2066 erubes-

657 2113 834 2188 cunt,
898 2108 1119 2189 saucii,
1183 2108 1528 2173 semineces
1576 2129 1655 2173 ac
1702 2108 2002 2188 semivivi,
2067 2108 2305 2190 quippe
2353 2108 2465 2190 qui
2508 2112 2760 2172 tantam
2806 2129 2908 2172 ve-

585 2239 639 2279 15
655 2213 806 2277 neni
851 2213 1186 2278 hauserint
1233 2215 1684 2296 quantitatem,
1733 2234 1898 2296 quae
1943 2234 2064 2278 nec
2115 2214 2373 2279 occidat
2404 2235 2524 2279 nec
2556 2214 2904 2296 digeratur,

655 2341 774 2385 nec
821 2322 984 2386 mori
1031 2326 1224 2405 cogat
1270 2342 1388 2386 nec
1436 2322 1644 2386 vivere
1692 2322 1881 2385 sinat.
1974 2320 2130 2385 Heu
2176 2321 2541 2386 miseranda
2585 2320 2904 2387 conditio!

657 2426 931 2510 Quantis
963 2428 1055 2493 illi
1087 2449 1388 2493 curarum
1418 2427 1723 2511 aestibus,
1773 2429 2030 2511 quantis
2064 2427 2428 2493 turbinibus
2462 2428 2901 2511 exagitantur!

655 2534 849 2600 Nunc
881 2536 1135 2615 etenim,
1185 2556 1315 2617 qua
1346 2541 1573 2600 ventus
1604 2536 1950 2619 impulerit,
1991 2537 2263 2601 incitato
2299 2556 2517 2601 errore
2548 2536 2903 2619 rapiuntur,

654 2663 823 2707 nunc
871 2643 937 2706 in
983 2643 1366 2725 semetipsos
1424 2643 1665 2708 reversi
1722 2648 2055 2725 tamquam
2109 2643 2420 2707 contrarii
2473 2641 2708 2707 fluctus
2763 2642 2904 2707 reli·

582 2772 636 2812 20
655 2749 930 2832 duntur3
992 2770 1164 2814 nunc
1208 2750 1556 2815 temeraria
1599 2749 2127 2833 praesumptione
2158 2754 2242 2814 ‘et
2290 2771 2395 2831 ea,
2444 2770 2610 2831 quae
2656 2748 2907 2814 incerta

653 2856 970 2936 videntur,
1019 2855 1407 2939 adprobant,
1454 2878 1624 2921 nunc
1657 2856 2022 2922 inrationali
2050 2861 2250 2937 metu,
2299 2857 2493 2921 etiam
2526 2876 2691 2938 quae
2725 2863 2903 2921 certa

655 2968 824 3046 sunt,
875 2969 1341 3046 expavescunt:
1387 2965 1639 3045 incerti,
1689 2985 1819 3046 qua
1865 2969 2037 3046 eant,
2087 2986 2215 3047 qua
2253 2964 2558 3045 redeant,
2607 2963 2761 3046 quid
2792 2964 2903 3028 ad-

651 3075 911 3153 petant,
973 3070 1128 3153 quid
1173 3070 1454 3152 fugiant,
1520 3071 1678 3153 quid
1722 3076 2014 3151 teneant,
2074 3070 2229 3154 quid
2275 3070 2621 3136 dimittant.
2717 3068 2902 3153 Quae

653 3177 909 3259 quidem
960 3178 1137 3242 dubii
1184 3182 1251 3242 et
1294 3177 1461 3242 male
1492 3177 1759 3261 penduli
1791 3178 2009 3243 cordis
2041 3177 2320 3242 adflictio
2356 3177 2606 3243 divinae
2639 3199 2793 3261 erga
2830 3199 2901 3242 se

576 3306 630 3347 25
650 3284 1078 3352 miserationis
1126 3291 1226 3350 est
1271 3284 1609 3367 medicina,
1660 3286 1714 3348 si
1760 3285 2038 3368 sapiant.
2128 3283 2384 3348 Idcirco
2432 3285 2667 3349 etenim
2714 3290 2902 3349 extra

650 3392 1042 3456 tutissimum
1111 3391 1470 3456 catholicae
1538 3391 1690 3456 fidei
1757 3399 2019 3474 portum
2088 3391 2353 3456 diversis
2431 3392 2899 3474 cogitationum

650 3499 1030 3581 quatiuntur
1099 3498 1524 3564 verberantur
1587 3521 1665 3565 ac
1730 3521 1936 3582 paene
2018 3503 2368 3565 enecantur
2424 3499 2759 3582 procellis,
2823 3507 2900 3566 ut

651 3625 918 3671 excussa
969 3606 1038 3669 in
1093 3605 1299 3670 altum
1357 3606 1569 3671 elatae
1617 3606 1850 3671 mentis
1900 3607 2036 3672 vela
2082 3607 2439 3690 deponant,
2507 3627 2672 3689 quae
2733 3607 2897 3675 male

646 3715 1008 3779 novitatum
1052 3714 1258 3778 ventis
1307 3713 1767 3797 expanderant,
1825 3734 2091 3796 seseque
2136 3715 2310 3779 intra
2353 3712 2727 3778 fidissimam
2773 3719 2899 3780 sta-

575 3843 631 3883 30
648 3821 890 3886 tionem
934 3819 1231 3903 placidae
1278 3841 1356 3885 ac
1402 3819 1611 3886 bonae
1657 3821 1882 3886 matris
1923 3821 2237 3886 reducant
2268 3827 2333 3886 et
2363 3827 2649 3902 teneant,
2699 3828 2895 3905 atque

648 3949 904 3993 amaros
951 3927 1095 3991 illos
1141 3926 1681 4010 turbulentosque
1738 3948 2032 3994 errorum
2085 3926 2321 3992 fluctus
2366 3929 2664 4020 primitus
2712 3949 2894 3994 revo-

822 4177 859 4228 4
897 4176 944 4228 1.
985 4174 1110 4228 eor.
1152 4176 1236 4242 11,
1278 4177 1362 4230 19.
1579 4177 1613 4227 9
1653 4174 1720 4230 cf.
1759 4175 1866 4229 Mt.
1905 4177 1957 4242 3,
2001 4177 2081 4230 1-2.
