3292 5109
624 582 707 645 52
1524 521 1963 652 XXXIII-(43).

620 747 860 824 natam,
909 742 993 808 ad
1039 748 1399 808 extremum
1446 765 1706 827 quoque
1751 744 2113 809 universam
2162 742 2406 809 Christi
2437 744 2772 809 ecclesiam
2803 750 2869 810 et

619 851 966 933 magistros
1014 851 1148 915 eius
1194 851 1529 933 apostolos
1578 857 1644 916 et
1689 850 2069 934 prophetaS,
2129 851 2603 935 praecipueque
2647 856 2866 916 tamen

620 956 884 1021 beatum
930 956 1298 1040 apostolum
1338 955 1613 1021 Paulum
1661 956 1835 1022 velut
1879 957 2195 1040 quaedam
2239 962 2670 1040 purgamenta
2716 978 2866 1022 con-

619 1068 888 1142 temnat,
936 1062 1126 1144 illam,
1176 1063 1349 1146 quod
1397 1085 1439 1127 a
1466 1064 1777 1146 religione
1810 1063 2119 1129 colendae
2152 1070 2220 1129 et
2251 1064 2638 1129 excolendae
2671 1064 2867 1129 semel

571 1197 598 1235 5
621 1170 741 1235 sibi
771 1170 1051 1235 traditae
1081 1168 1232 1234 fidei
1260 1191 1608 1253 numquam
1668 1171 2031 1253 recesserit,
2077 1170 2255 1235 illum
2302 1191 2471 1253 vero,
2523 1171 2632 1254 qui
2671 1171 2866 1253 scrip-

622 1278 806 1346 serit:
882 1298 919 1342 0
972 1281 1327 1360 Tz‘motltee,
1373 1281 1746 1359 depositum
1811 1282 2094 1359 custodi,
2163 1282 2469 1343 devitans
2523 1282 2865 1360 profanas

621 1406 845 1450 vocum
916 1392 1278 1466 novitates,
1352 1390 1418 1449 et
1479 1386 1669 1449 item:
1742 1392 1806 1449 εἰ
1870 1393 2020 1466 quis
2091 1388 2277 1449 vobis
2339 1388 2861 1464 adnuntiaverit,

615 1502 1087 1574 praeterquam
1135 1496 1312 1573 quod
1353 1499 1732 1575 accepisti-9,
1781 1496 2138 1557 anathema
2168 1499 2304 1557 sit!
2374 1490 2625 1575 Quodsi
2655 1512 2864 1573 neque

619 1599 978 1682 apostolica
1046 1597 1310 1664 definita
1373 1620 1583 1682 neque
1654 1599 2089 1663 ecclesiastica
2159 1599 2422 1664 decreta
2489 1597 2865 1663 temeranda

548 1735 601 1773 10
619 1713 796 1787 sunt,
865 1705 1096 1789 quibus
1158 1706 1509 1770 secundum
1568 1711 2046 1771 sacrosanctam
2100 1706 2536 1770 universitatis
2590 1711 2657 1770 et
2703 1705 2861 1770 anti-

620 1813 885 1895 quitatis
942 1814 1432 1878 consensionem
1487 1814 1703 1878 cuncti
1758 1834 2011 1896 semper
2055 1812 2363 1877 haeretici
2411 1818 2479 1877 et
2524 1813 2607 1877 ad
2656 1817 2861 1877 extre—

617 1943 791 1985 mum
821 1921 1143 2002 Pelagiu8‚
1193 1918 1576 2002 Caelestius,
1621 1919 1970 1985 Nestorius
2010 1921 2146 1984 iure
2186 1920 2545 2003 meritoque
2577 1919 2862 1983 damnati

618 2033 787 2110 sunt,
835 2048 1098 2092 necesse
1147 2033 1246 2093 est
1289 2026 1582 2111 profecto
1632 2028 1926 2093 omnibus
1984 2027 2285 2110 deinceps
2342 2026 2694 2108 catholiciS,
2755 2026 2861 2108 qui

618 2155 758 2200 sese
819 2135 1128 2200 ecclesiae
1192 2135 1416 2199 matris
1480 2134 1799 2217 legitimos
1856 2133 2023 2199 filios
2085 2134 2363 2217 probare
2423 2135 2715 2214 student,
2786 2138 2862 2197 ut

547 2269 597 2308 15
618 2247 878 2306 sanctae
939 2246 1309 2306 sanctorum
1367 2246 1623 2324 patrum
1682 2241 1833 2306 fidei
1888 2241 2296 2323 inhaereant,
2360 2241 2860 2324 adglutinentur,

614 2348 1077 2430 immoriantur,
1113 2353 1450 2430 profanas
1491 2368 1642 2413 vero
1691 2347 2112 2431 profanorum
2163 2355 2495 2414 novitates
2543 2348 2863 2413 detesten-

614 2461 742 2538 tur,
791 2456 1194 2537 horrescant,
1239 2456 1660 2535 insectentur,
1710 2460 2201 2537 persequantur.

794 2563 980 2627 Haec
1029 2567 1182 2627 sunt
1226 2561 1382 2644 fere,
1432 2583 1595 2644 quae
1644 2562 1896 2627 duobus
1948 2562 2452 2627 commonitoriis
2498 2562 2687 2626 latius
2736 2562 2859 2625 dis-

619 2675 793 2735 serta
851 2670 1182 2753 aliquanto
1246 2690 1417 2734 nunc
1478 2668 1733 2735 brevius
1792 2668 2257 2751 recapitulandi
2311 2669 2452 2751 lege
2510 2669 2862 2733 constricta

549 2803 601 2841 20
619 2783 788 2860 sunt,
836 2782 910 2841 ut
953 2777 1260 2842 memoria
1304 2799 1467 2860 mea,
1515 2778 1619 2841 cui
1666 2776 2213 2842 adminiculandae
2261 2776 2388 2841 ista
2448 2775 2858 2855 confecimus,

618 2889 683 2949 et
731 2884 1180 2949 commonendi
1225 2884 1613 2949 adsiduitate
1661 2890 2000 2968 reparetur
2046 2889 2111 2948 et
2157 2883 2543 2966 prolixitatis
2598 2882 2858 2948 fastidio

614 3013 744 3056 non
793 2991 1124 3057 obruatur.

725 3098 1065 3163 Expmcrr
1113 3116 1506 3165 TRACTATUS
1554 3099 1942 3163 PEREGRINI
1989 3110 2262 3164 CONTRA
2306 3113 2760 3162 HAERE'rIoos.

830 3299 862 3348 6
901 3298 950 3348 1.
989 3295 1129 3349 Tim.
1168 3297 1217 3362 6,
1256 3297 1343 3348 20.
1599 3298 1630 3356 7.
1671 3294 1778 3348 Gal
1816 3295 1865 3362 1,
1904 3297 1953 3347 9.
2210 3296 2277 3347 16
2315 3293 2382 3348 of.
2425 3295 2473 3347 1.
2500 3292 2641 3347 Tim.
2680 3293 2730 3358 6,
2768 3294 2855 3347 20.
