<?xml version="1.0" encoding="UTF-8"?>
<!DOCTYPE html PUBLIC "-//W3C//DTD XHTML 1.0 Transitional//EN"
    "http://www.w3.org/TR/xhtml1/DTD/xhtml1-transitional.dtd">
<html xmlns="http://www.w3.org/1999/xhtml" xml:lang="en" lang="en">
 <head>
  <title>
</title>
<meta http-equiv="Content-Type" content="text/html;charset=utf-8" />
  <meta name='ocr-system' content='tesseract 3.04.00' />
  <meta name='ocr-capabilities' content='ocr_page ocr_carea ocr_par ocr_line ocrx_word'/>
</head>
<body>
  <div class='ocr_page' id='page_1' title='image "./vincenzvonlerin00jlgoog_0067.png"; bbox 0 0 3292 5109; ppageno 0'>
   <div class='ocr_carea' id='block_1_1' title="bbox 662 568 2092 639">
    <p class='ocr_par' dir='ltr' id='par_1_1' title="bbox 662 568 2092 639">
     <span class='ocr_line' id='line_1_1' title="bbox 662 568 2092 639; baseline -0.005 -8"><span class='ocrx_word' id='word_1_1' title='bbox 662 569 749 632; x_wconf 90' lang='lat' dir='ltr'><strong>4s</strong></span> <span class='ocrx_word' id='word_1_2' title='bbox 1476 568 1649 623; x_wconf 83' lang='lat' dir='ltr'><strong>xxx</strong></span> <span class='ocrx_word' id='word_1_3' title='bbox 1687 569 2092 639; x_wconf 78' lang='lat' dir='ltr'><strong>(42)-xxx1.</strong></span> 
     </span>
    </p>
   </div>
   <div class='ocr_carea' id='block_1_2' title="bbox 582 727 2920 4247">
    <p class='ocr_par' dir='ltr' id='par_1_2' title="bbox 661 727 2920 1137">
     <span class='ocr_line' id='line_1_2' title="bbox 838 727 2920 815; baseline 0.003 -23"><span class='ocrx_word' id='word_1_4' title='bbox 838 728 1083 793; x_wconf 90' lang='lat' dir='ltr'>XXX.</span> <span class='ocrx_word' id='word_1_5' title='bbox 1134 727 1303 794; x_wconf 83' lang='lat' dir='ltr'><strong>Sunt</strong></span> <span class='ocrx_word' id='word_1_6' title='bbox 1350 751 1504 813; x_wconf 89' lang='lat' dir='ltr'><strong>ergo</strong></span> <span class='ocrx_word' id='word_1_7' title='bbox 1561 731 1630 795; x_wconf 91' lang='lat' dir='ltr'><strong>hi</strong></span> <span class='ocrx_word' id='word_1_8' title='bbox 1674 731 1820 805; x_wconf 81' lang='lat' dir='ltr'><strong>viri,</strong></span> <span class='ocrx_word' id='word_1_9' title='bbox 1887 752 2164 815; x_wconf 90' lang='lat' dir='ltr'><strong>quorum</strong></span> <span class='ocrx_word' id='word_1_10' title='bbox 2209 732 2277 797; x_wconf 89' lang='lat' dir='ltr'><strong>in</strong></span> <span class='ocrx_word' id='word_1_11' title='bbox 2341 732 2449 798; x_wconf 85' lang='lat' dir='ltr'><strong>ino</strong></span> <span class='ocrx_word' id='word_1_12' title='bbox 2497 733 2766 799; x_wconf 91' lang='lat' dir='ltr'><strong>concilio</strong></span> <span class='ocrx_word' id='word_1_13' title='bbox 2813 735 2920 799; x_wconf 84' lang='lat' dir='ltr'><strong>vel</strong></span> 
     </span>
     <span class='ocr_line' id='line_1_3' title="bbox 661 838 2909 925; baseline 0.005 -25"><span class='ocrx_word' id='word_1_14' title='bbox 661 839 993 919; x_wconf 83' lang='lat' dir='ltr'><strong>tamquam</strong></span> <span class='ocrx_word' id='word_1_15' title='bbox 1037 838 1316 903; x_wconf 91' lang='lat' dir='ltr'><strong>iudicum</strong></span> <span class='ocrx_word' id='word_1_16' title='bbox 1348 839 1451 903; x_wconf 85' lang='lat' dir='ltr'><strong>vel</strong></span> <span class='ocrx_word' id='word_1_17' title='bbox 1486 844 1821 923; x_wconf 82' lang='lat' dir='ltr'><strong>tamquam</strong></span> <span class='ocrx_word' id='word_1_18' title='bbox 1850 841 2113 906; x_wconf 88' lang='lat' dir='ltr'><strong>testium</strong></span> <span class='ocrx_word' id='word_1_19' title='bbox 2144 841 2388 925; x_wconf 90' lang='lat' dir='ltr'><strong>scripta</strong></span> <span class='ocrx_word' id='word_1_20' title='bbox 2426 842 2699 908; x_wconf 89' lang='lat' dir='ltr'><strong>recitata</strong></span> <span class='ocrx_word' id='word_1_21' title='bbox 2730 849 2909 911; x_wconf 89' lang='lat' dir='ltr'><strong>sunt:</strong></span> 
     </span>
     <span class='ocr_line' id='line_1_4' title="bbox 662 944 2920 1032; baseline 0.004 -25"><span class='ocrx_word' id='word_1_22' title='bbox 662 951 924 1009; x_wconf 70' lang='lat' dir='ltr'><strong>sanctus</strong></span> <span class='ocrx_word' id='word_1_23' title='bbox 971 945 1227 1026; x_wconf 91' lang='lat' dir='ltr'><strong>Petrus,</strong></span> <span class='ocrx_word' id='word_1_24' title='bbox 1274 944 1760 1012; x_wconf 86' lang='lat' dir='ltr'><strong>Alexandrinus</strong></span> <span class='ocrx_word' id='word_1_25' title='bbox 1808 948 2166 1031; x_wconf 79' lang='lat' dir='ltr'><strong>episcopuS,</strong></span> <span class='ocrx_word' id='word_1_26' title='bbox 2217 949 2449 1015; x_wconf 87' lang='lat' dir='ltr'><strong>doctor</strong></span> <span class='ocrx_word' id='word_1_27' title='bbox 2493 951 2920 1032; x_wconf 85' lang='lat' dir='ltr'><strong>praestantis-</strong></span> 
     </span>
     <span class='ocr_line' id='line_1_5' title="bbox 663 1052 2914 1137; baseline 0.003 -22"><span class='ocrx_word' id='word_1_28' title='bbox 663 1052 858 1116; x_wconf 89' lang='lat' dir='ltr'><strong>simus</strong></span> <span class='ocrx_word' id='word_1_29' title='bbox 906 1060 974 1117; x_wconf 88' lang='lat' dir='ltr'><strong>et</strong></span> <span class='ocrx_word' id='word_1_30' title='bbox 1017 1058 1265 1137; x_wconf 79' lang='lat' dir='ltr'><strong>martyr</strong></span> <span class='ocrx_word' id='word_1_31' title='bbox 1309 1053 1747 1137; x_wconf 79' lang='lat' dir='ltr'><strong>beatissimus3</strong></span> <span class='ocrx_word' id='word_1_32' title='bbox 1818 1060 2079 1120; x_wconf 89' lang='lat' dir='ltr'><strong>sanctus</strong></span> <span class='ocrx_word' id='word_1_33' title='bbox 2127 1055 2560 1137; x_wconf 82' lang='lat' dir='ltr'><strong>AthanasiuS,</strong></span> <span class='ocrx_word' id='word_1_34' title='bbox 2630 1058 2914 1123; x_wconf 90' lang='lat' dir='ltr'><strong>eiusdem</strong></span> 
     </span>
    </p>

    <p class='ocr_par' dir='ltr' id='par_1_3' title="bbox 612 1159 2918 1676">
     <span class='ocr_line' id='line_1_6' title="bbox 612 1159 2918 1242; baseline 0.005 -25"><span class='ocrx_word' id='word_1_35' title='bbox 612 1177 639 1217; x_wconf 84' lang='lat'>5</span> <span class='ocrx_word' id='word_1_36' title='bbox 662 1159 935 1224; x_wconf 84' lang='lat' dir='ltr'><strong>civitatis</strong></span> <span class='ocrx_word' id='word_1_37' title='bbox 982 1161 1275 1242; x_wconf 85' lang='lat' dir='ltr'><strong>antistes,</strong></span> <span class='ocrx_word' id='word_1_38' title='bbox 1333 1161 1643 1241; x_wconf 87' lang='lat' dir='ltr'><strong>magister</strong></span> <span class='ocrx_word' id='word_1_39' title='bbox 1687 1159 2095 1226; x_wconf 89' lang='lat' dir='ltr'><strong>fidelissimus</strong></span> <span class='ocrx_word' id='word_1_40' title='bbox 2144 1167 2210 1227; x_wconf 91' lang='lat' dir='ltr'><strong>et</strong></span> <span class='ocrx_word' id='word_1_41' title='bbox 2257 1163 2589 1229; x_wconf 85' lang='lat' dir='ltr'><strong>confessor</strong></span> <span class='ocrx_word' id='word_1_42' title='bbox 2635 1165 2918 1230; x_wconf 88' lang='lat' dir='ltr'><strong>eminen-</strong></span> 
     </span>
     <span class='ocr_line' id='line_1_7' title="bbox 660 1266 2908 1355; baseline 0.002 -25"><span class='ocrx_word' id='word_1_43' title='bbox 660 1267 971 1349; x_wconf 83' lang='lat' dir='ltr'><strong>tissimus;</strong></span> <span class='ocrx_word' id='word_1_44' title='bbox 1019 1273 1280 1331; x_wconf 88' lang='lat' dir='ltr'><strong>sanctus</strong></span> <span class='ocrx_word' id='word_1_45' title='bbox 1323 1266 1741 1350; x_wconf 80' lang='lat' dir='ltr'><strong>Theophilus,</strong></span> <span class='ocrx_word' id='word_1_46' title='bbox 1789 1268 2076 1333; x_wconf 91' lang='lat' dir='ltr'><strong>eiusdem</strong></span> <span class='ocrx_word' id='word_1_47' title='bbox 2120 1270 2279 1334; x_wconf 91' lang='lat' dir='ltr'><strong>item</strong></span> <span class='ocrx_word' id='word_1_48' title='bbox 2322 1270 2499 1335; x_wconf 91' lang='lat' dir='ltr'><strong>urbis</strong></span> <span class='ocrx_word' id='word_1_49' title='bbox 2546 1271 2908 1355; x_wconf 80' lang='lat' dir='ltr'><strong>episcopuS,</strong></span> 
     </span>
     <span class='ocr_line' id='line_1_8' title="bbox 658 1372 2918 1458; baseline 0.003 -22"><span class='ocrx_word' id='word_1_50' title='bbox 658 1373 754 1437; x_wconf 87' lang='lat' dir='ltr'><strong>vir</strong></span> <span class='ocrx_word' id='word_1_51' title='bbox 797 1372 924 1437; x_wconf 89' lang='lat' dir='ltr'><strong>fide</strong></span> <span class='ocrx_word' id='word_1_52' title='bbox 988 1374 1120 1439; x_wconf 87' lang='lat' dir='ltr'><strong>vita</strong></span> <span class='ocrx_word' id='word_1_53' title='bbox 1187 1375 1458 1440; x_wconf 89' lang='lat' dir='ltr'><strong>scientia</strong></span> <span class='ocrx_word' id='word_1_54' title='bbox 1505 1375 1664 1440; x_wconf 90' lang='lat' dir='ltr'><strong>satis</strong></span> <span class='ocrx_word' id='word_1_55' title='bbox 1712 1375 1941 1458; x_wconf 86' lang='lat' dir='ltr'><strong>clarus,</strong></span> <span class='ocrx_word' id='word_1_56' title='bbox 2006 1376 2109 1441; x_wconf 90' lang='lat' dir='ltr'><strong>cui</strong></span> <span class='ocrx_word' id='word_1_57' title='bbox 2154 1379 2465 1442; x_wconf 92' lang='lat' dir='ltr'><strong>successit</strong></span> <span class='ocrx_word' id='word_1_58' title='bbox 2510 1379 2918 1444; x_wconf 85' lang='lat' dir='ltr'><strong>venerandus</strong></span> 
     </span>
     <span class='ocr_line' id='line_1_9' title="bbox 658 1478 2918 1565; baseline 0.003 -21"><span class='ocrx_word' id='word_1_59' title='bbox 658 1478 956 1565; x_wconf 89' lang='lat' dir='ltr'><strong>Cyrillus,</strong></span> <span class='ocrx_word' id='word_1_60' title='bbox 1005 1482 1113 1564; x_wconf 91' lang='lat' dir='ltr'><strong>qui</strong></span> <span class='ocrx_word' id='word_1_61' title='bbox 1157 1503 1328 1546; x_wconf 90' lang='lat' dir='ltr'><strong>nunc</strong></span> <span class='ocrx_word' id='word_1_62' title='bbox 1360 1481 1873 1547; x_wconf 80' lang='lat' dir='ltr'><strong>Alexandrinam</strong></span> <span class='ocrx_word' id='word_1_63' title='bbox 1917 1483 2222 1550; x_wconf 81' lang='lat' dir='ltr'><strong>inlustrat</strong></span> <span class='ocrx_word' id='word_1_64' title='bbox 2268 1484 2627 1549; x_wconf 87' lang='lat' dir='ltr'><strong>ecclesiam.</strong></span> <span class='ocrx_word' id='word_1_65' title='bbox 2705 1485 2799 1550; x_wconf 88' lang='lat' dir='ltr'><strong>Et</strong></span> <span class='ocrx_word' id='word_1_66' title='bbox 2827 1507 2918 1550; x_wconf 88' lang='lat' dir='ltr'><strong>ne</strong></span> 
     </span>
     <span class='ocr_line' id='line_1_10' title="bbox 658 1588 2913 1676; baseline 0.002 -23"><span class='ocrx_word' id='word_1_67' title='bbox 658 1588 932 1654; x_wconf 85' lang='lat' dir='ltr'><strong>forsitan</strong></span> <span class='ocrx_word' id='word_1_68' title='bbox 979 1589 1167 1654; x_wconf 87' lang='lat' dir='ltr'><strong>unius</strong></span> <span class='ocrx_word' id='word_1_69' title='bbox 1201 1590 1476 1655; x_wconf 79' lang='lat' dir='ltr'><strong>civitatis</strong></span> <span class='ocrx_word' id='word_1_70' title='bbox 1508 1611 1584 1655; x_wconf 94' lang='lat' dir='ltr'><strong>ac</strong></span> <span class='ocrx_word' id='word_1_71' title='bbox 1614 1591 1981 1673; x_wconf 86' lang='lat' dir='ltr'><strong>provinciae</strong></span> <span class='ocrx_word' id='word_1_72' title='bbox 2014 1591 2309 1656; x_wconf 85' lang='lat' dir='ltr'><strong>doctrina</strong></span> <span class='ocrx_word' id='word_1_73' title='bbox 2347 1591 2507 1657; x_wconf 89' lang='lat' dir='ltr'><strong>haec</strong></span> <span class='ocrx_word' id='word_1_74' title='bbox 2546 1598 2913 1676; x_wconf 85' lang='lat' dir='ltr'><strong>putaretur,</strong></span> 
     </span>
    </p>

    <p class='ocr_par' dir='ltr' id='par_1_4' title="bbox 589 1695 2912 2212">
     <span class='ocr_line' id='line_1_11' title="bbox 589 1695 2911 1781; baseline -0 -15"><span class='ocrx_word' id='word_1_75' title='bbox 589 1726 640 1766; x_wconf 82' lang='grc' dir='ltr'><strong>ιο</strong></span> <span class='ocrx_word' id='word_1_76' title='bbox 661 1696 950 1761; x_wconf 89' lang='lat' dir='ltr'><strong>adhibita</strong></span> <span class='ocrx_word' id='word_1_77' title='bbox 1005 1703 1154 1761; x_wconf 86' lang='lat' dir='ltr'><strong>sunt</strong></span> <span class='ocrx_word' id='word_1_78' title='bbox 1201 1698 1394 1762; x_wconf 87' lang='lat' dir='ltr'><strong>etiam</strong></span> <span class='ocrx_word' id='word_1_79' title='bbox 1459 1696 1569 1761; x_wconf 90' lang='lat' dir='ltr'><strong>illa</strong></span> <span class='ocrx_word' id='word_1_80' title='bbox 1613 1695 2070 1781; x_wconf 82' lang='lat' dir='ltr'><strong>Cappadociae</strong></span> <span class='ocrx_word' id='word_1_81' title='bbox 2116 1699 2376 1780; x_wconf 89' lang='lat' dir='ltr'><strong>lumina,</strong></span> <span class='ocrx_word' id='word_1_82' title='bbox 2443 1707 2701 1766; x_wconf 88' lang='lat' dir='ltr'><strong>sanctus</strong></span> <span class='ocrx_word' id='word_1_83' title='bbox 2750 1698 2911 1765; x_wconf 80' lang='lat' dir='ltr'><strong>Gre-</strong></span> 
     </span>
     <span class='ocr_line' id='line_1_12' title="bbox 659 1804 2912 1889; baseline 0 -19"><span class='ocrx_word' id='word_1_84' title='bbox 659 1806 899 1888; x_wconf 78' lang='lat' dir='ltr'><strong>goriuS,</strong></span> <span class='ocrx_word' id='word_1_85' title='bbox 933 1805 1273 1889; x_wconf 85' lang='lat' dir='ltr'><strong>episcopus</strong></span> <span class='ocrx_word' id='word_1_86' title='bbox 1321 1810 1387 1870; x_wconf 93' lang='lat' dir='ltr'><strong>et</strong></span> <span class='ocrx_word' id='word_1_87' title='bbox 1421 1804 1755 1870; x_wconf 85' lang='lat' dir='ltr'><strong>confessor</strong></span> <span class='ocrx_word' id='word_1_88' title='bbox 1801 1805 1880 1870; x_wconf 89' lang='lat' dir='ltr'><strong>de</strong></span> <span class='ocrx_word' id='word_1_89' title='bbox 1911 1805 2260 1888; x_wconf 90' lang='lat' dir='ltr'><strong>Nazianzo,</strong></span> <span class='ocrx_word' id='word_1_90' title='bbox 2312 1812 2574 1872; x_wconf 91' lang='lat' dir='ltr'><strong>sanctus</strong></span> <span class='ocrx_word' id='word_1_91' title='bbox 2606 1806 2912 1888; x_wconf 80' lang='lat' dir='ltr'><strong>BasiliuS,</strong></span> 
     </span>
     <span class='ocr_line' id='line_1_13' title="bbox 659 1910 2908 1997; baseline 0 -20"><span class='ocrx_word' id='word_1_92' title='bbox 659 1910 1019 1977; x_wconf 81' lang='lat' dir='ltr'><strong>Caesareae</strong></span> <span class='ocrx_word' id='word_1_93' title='bbox 1051 1910 1506 1996; x_wconf 80' lang='lat' dir='ltr'><strong>Cappadociae</strong></span> <span class='ocrx_word' id='word_1_94' title='bbox 1555 1915 1900 1997; x_wconf 91' lang='lat' dir='ltr'><strong>episcopus</strong></span> <span class='ocrx_word' id='word_1_95' title='bbox 1942 1919 2008 1978; x_wconf 90' lang='lat' dir='ltr'><strong>et</strong></span> <span class='ocrx_word' id='word_1_96' title='bbox 2039 1912 2395 1995; x_wconf 85' lang='lat' dir='ltr'><strong>confessor,</strong></span> <span class='ocrx_word' id='word_1_97' title='bbox 2443 1919 2708 1978; x_wconf 89' lang='lat' dir='ltr'><strong>sanctus</strong></span> <span class='ocrx_word' id='word_1_98' title='bbox 2752 1914 2908 1978; x_wconf 92' lang='lat' dir='ltr'><strong>item</strong></span> 
     </span>
     <span class='ocr_line' id='line_1_14' title="bbox 658 2018 2903 2104; baseline 0 -19"><span class='ocrx_word' id='word_1_99' title='bbox 658 2020 824 2085; x_wconf 87' lang='lat' dir='ltr'><strong>alter</strong></span> <span class='ocrx_word' id='word_1_100' title='bbox 856 2018 1229 2103; x_wconf 79' lang='lat' dir='ltr'><strong>Gregorius,</strong></span> <span class='ocrx_word' id='word_1_101' title='bbox 1263 2018 1332 2083; x_wconf 87' lang='lat' dir='ltr'>N</span> <span class='ocrx_word' id='word_1_102' title='bbox 1331 2040 1601 2104; x_wconf 90' lang='lat' dir='ltr'><strong>yssenus</strong></span> <span class='ocrx_word' id='word_1_103' title='bbox 1650 2021 2007 2104; x_wconf 79' lang='lat' dir='ltr'><strong>episcopuS,</strong></span> <span class='ocrx_word' id='word_1_104' title='bbox 2057 2020 2206 2086; x_wconf 91' lang='lat' dir='ltr'><strong>fidei</strong></span> <span class='ocrx_word' id='word_1_105' title='bbox 2254 2022 2756 2085; x_wconf 86' lang='lat' dir='ltr'><strong>conversationis</strong></span> <span class='ocrx_word' id='word_1_106' title='bbox 2810 2021 2903 2085; x_wconf 86' lang='lat' dir='ltr'><strong>in-</strong></span> 
     </span>
     <span class='ocr_line' id='line_1_15' title="bbox 658 2126 2912 2212; baseline 0.001 -21"><span class='ocrx_word' id='word_1_107' title='bbox 658 2127 976 2212; x_wconf 90' lang='lat' dir='ltr'><strong>tegritatis</strong></span> <span class='ocrx_word' id='word_1_108' title='bbox 1009 2133 1077 2193; x_wconf 93' lang='lat' dir='ltr'><strong>et</strong></span> <span class='ocrx_word' id='word_1_109' title='bbox 1108 2128 1462 2211; x_wconf 88' lang='lat' dir='ltr'><strong>sapientiae</strong></span> <span class='ocrx_word' id='word_1_110' title='bbox 1494 2128 1726 2192; x_wconf 90' lang='lat' dir='ltr'><strong>merito</strong></span> <span class='ocrx_word' id='word_1_111' title='bbox 1759 2126 1959 2192; x_wconf 86' lang='lat' dir='ltr'><strong>fratre</strong></span> <span class='ocrx_word' id='word_1_112' title='bbox 1990 2127 2235 2193; x_wconf 90' lang='lat' dir='ltr'><strong>Basilio</strong></span> <span class='ocrx_word' id='word_1_113' title='bbox 2270 2127 2698 2211; x_wconf 89' lang='lat' dir='ltr'><strong>dignissimus.</strong></span> <span class='ocrx_word' id='word_1_114' title='bbox 2777 2127 2912 2193; x_wconf 85' lang='lat' dir='ltr'><strong>Sed</strong></span> 
     </span>
    </p>

    <p class='ocr_par' dir='ltr' id='par_1_5' title="bbox 586 2232 2914 2747">
     <span class='ocr_line' id='line_1_16' title="bbox 586 2232 2912 2317; baseline -0 -16"><span class='ocrx_word' id='word_1_115' title='bbox 586 2261 637 2301; x_wconf 87' lang='lat'><strong>15</strong></span> <span class='ocrx_word' id='word_1_116' title='bbox 656 2256 736 2300; x_wconf 93' lang='lat' dir='ltr'><strong>ne</strong></span> <span class='ocrx_word' id='word_1_117' title='bbox 783 2235 922 2300; x_wconf 94' lang='lat' dir='ltr'><strong>sola</strong></span> <span class='ocrx_word' id='word_1_118' title='bbox 955 2232 1237 2299; x_wconf 80' lang='lat' dir='ltr'><strong>Graecia</strong></span> <span class='ocrx_word' id='word_1_119' title='bbox 1282 2241 1397 2300; x_wconf 90' lang='lat' dir='ltr'><strong>aut</strong></span> <span class='ocrx_word' id='word_1_120' title='bbox 1443 2235 1654 2300; x_wconf 91' lang='lat' dir='ltr'><strong>oriens</strong></span> <span class='ocrx_word' id='word_1_121' title='bbox 1688 2241 1963 2317; x_wconf 89' lang='lat' dir='ltr'><strong>tantum,</strong></span> <span class='ocrx_word' id='word_1_122' title='bbox 2009 2256 2230 2299; x_wconf 85' lang='lat' dir='ltr'><strong>verum</strong></span> <span class='ocrx_word' id='word_1_123' title='bbox 2264 2236 2458 2299; x_wconf 92' lang='lat' dir='ltr'><strong>etiam</strong></span> <span class='ocrx_word' id='word_1_124' title='bbox 2492 2234 2912 2300; x_wconf 84' lang='lat' dir='ltr'><strong>occidentalis</strong></span> 
     </span>
     <span class='ocr_line' id='line_1_17' title="bbox 659 2341 2914 2426; baseline -0 -19"><span class='ocrx_word' id='word_1_125' title='bbox 659 2347 725 2407; x_wconf 91' lang='lat' dir='ltr'><strong>et</strong></span> <span class='ocrx_word' id='word_1_126' title='bbox 782 2343 1021 2407; x_wconf 88' lang='lat' dir='ltr'><strong>latinus</strong></span> <span class='ocrx_word' id='word_1_127' title='bbox 1092 2341 1262 2407; x_wconf 90' lang='lat' dir='ltr'><strong>orbis</strong></span> <span class='ocrx_word' id='word_1_128' title='bbox 1321 2342 1415 2405; x_wconf 91' lang='lat' dir='ltr'><strong>ita</strong></span> <span class='ocrx_word' id='word_1_129' title='bbox 1476 2362 1730 2425; x_wconf 88' lang='lat' dir='ltr'><strong>semper</strong></span> <span class='ocrx_word' id='word_1_130' title='bbox 1789 2343 2063 2407; x_wconf 85' lang='lat' dir='ltr'><strong>sensisse</strong></span> <span class='ocrx_word' id='word_1_131' title='bbox 2123 2342 2626 2426; x_wconf 87' lang='lat' dir='ltr'><strong>adprobaretur,</strong></span> <span class='ocrx_word' id='word_1_132' title='bbox 2696 2341 2914 2406; x_wconf 90' lang='lat' dir='ltr'><strong>lectae</strong></span> 
     </span>
     <span class='ocr_line' id='line_1_18' title="bbox 657 2447 2908 2532; baseline -0.001 -18"><span class='ocrx_word' id='word_1_133' title='bbox 657 2453 806 2514; x_wconf 93' lang='lat' dir='ltr'><strong>sunt</strong></span> <span class='ocrx_word' id='word_1_134' title='bbox 853 2469 1111 2532; x_wconf 90' lang='lat' dir='ltr'><strong>quoque</strong></span> <span class='ocrx_word' id='word_1_135' title='bbox 1157 2447 1246 2512; x_wconf 91' lang='lat' dir='ltr'><strong>ibi</strong></span> <span class='ocrx_word' id='word_1_136' title='bbox 1293 2449 1608 2531; x_wconf 89' lang='lat' dir='ltr'><strong>quaedam</strong></span> <span class='ocrx_word' id='word_1_137' title='bbox 1656 2448 1742 2512; x_wconf 93' lang='lat' dir='ltr'><strong>ad</strong></span> <span class='ocrx_word' id='word_1_138' title='bbox 1789 2448 2105 2530; x_wconf 87' lang='lat' dir='ltr'><strong>quosdam</strong></span> <span class='ocrx_word' id='word_1_139' title='bbox 2136 2448 2453 2531; x_wconf 85' lang='lat' dir='ltr'><strong>epistulae</strong></span> <span class='ocrx_word' id='word_1_140' title='bbox 2502 2448 2710 2513; x_wconf 90' lang='lat' dir='ltr'><strong>sancti</strong></span> <span class='ocrx_word' id='word_1_141' title='bbox 2739 2448 2908 2513; x_wconf 87' lang='lat' dir='ltr'><strong>Feli-</strong></span> 
     </span>
     <span class='ocr_line' id='line_1_19' title="bbox 658 2556 2908 2640; baseline -0.001 -19"><span class='ocrx_word' id='word_1_142' title='bbox 658 2558 748 2621; x_wconf 91' lang='lat' dir='ltr'><strong>cis</strong></span> <span class='ocrx_word' id='word_1_143' title='bbox 794 2557 1093 2640; x_wconf 89' lang='lat' dir='ltr'><strong>martyris</strong></span> <span class='ocrx_word' id='word_1_144' title='bbox 1140 2561 1207 2621; x_wconf 92' lang='lat' dir='ltr'><strong>et</strong></span> <span class='ocrx_word' id='word_1_145' title='bbox 1253 2557 1459 2621; x_wconf 91' lang='lat' dir='ltr'><strong>sancti</strong></span> <span class='ocrx_word' id='word_1_146' title='bbox 1504 2556 1557 2621; x_wconf 82' lang='lat' dir='ltr'><strong>J</strong></span> <span class='ocrx_word' id='word_1_147' title='bbox 1559 2556 1690 2638; x_wconf 83' lang='lat' dir='ltr'><strong>ulfi,</strong></span> <span class='ocrx_word' id='word_1_148' title='bbox 1738 2556 1915 2622; x_wconf 90' lang='lat' dir='ltr'><strong>urbis</strong></span> <span class='ocrx_word' id='word_1_149' title='bbox 1959 2556 2211 2622; x_wconf 85' lang='lat' dir='ltr'><strong>Romae</strong></span> <span class='ocrx_word' id='word_1_150' title='bbox 2268 2557 2739 2640; x_wconf 88' lang='lat' dir='ltr'><strong>episcoporum.</strong></span> <span class='ocrx_word' id='word_1_151' title='bbox 2815 2557 2908 2620; x_wconf 88' lang='lat' dir='ltr'><strong>Et</strong></span> 
     </span>
     <span class='ocr_line' id='line_1_20' title="bbox 656 2663 2914 2747; baseline -0.001 -19"><span class='ocrx_word' id='word_1_152' title='bbox 656 2670 730 2729; x_wconf 89' lang='lat' dir='ltr'><strong>ut</strong></span> <span class='ocrx_word' id='word_1_153' title='bbox 774 2684 905 2729; x_wconf 92' lang='lat' dir='ltr'><strong>non</strong></span> <span class='ocrx_word' id='word_1_154' title='bbox 954 2664 1160 2729; x_wconf 92' lang='lat' dir='ltr'><strong>solum</strong></span> <span class='ocrx_word' id='word_1_155' title='bbox 1207 2669 1405 2747; x_wconf 89' lang='lat' dir='ltr'><strong>caput</strong></span> <span class='ocrx_word' id='word_1_156' title='bbox 1464 2663 1671 2745; x_wconf 89' lang='lat' dir='ltr'><strong>orbis,</strong></span> <span class='ocrx_word' id='word_1_157' title='bbox 1736 2684 1956 2728; x_wconf 86' lang='lat' dir='ltr'><strong>verum</strong></span> <span class='ocrx_word' id='word_1_158' title='bbox 2018 2663 2213 2728; x_wconf 89' lang='lat' dir='ltr'><strong>etiam</strong></span> <span class='ocrx_word' id='word_1_159' title='bbox 2272 2663 2480 2728; x_wconf 87' lang='lat' dir='ltr'><strong>latera</strong></span> <span class='ocrx_word' id='word_1_160' title='bbox 2537 2663 2629 2727; x_wconf 92' lang='lat' dir='ltr'><strong>illi</strong></span> <span class='ocrx_word' id='word_1_161' title='bbox 2673 2663 2914 2728; x_wconf 88' lang='lat' dir='ltr'><strong>iudicio</strong></span> 
     </span>
    </p>

    <p class='ocr_par' dir='ltr' id='par_1_6' title="bbox 583 2770 2916 3282">
     <span class='ocr_line' id='line_1_21' title="bbox 583 2770 2913 2855; baseline -0.002 -17"><span class='ocrx_word' id='word_1_162' title='bbox 583 2800 637 2839; x_wconf 80' lang='lat'><strong>20</strong></span> <span class='ocrx_word' id='word_1_163' title='bbox 654 2772 1097 2837; x_wconf 90' lang='lat' dir='ltr'><strong>testimonium</strong></span> <span class='ocrx_word' id='word_1_164' title='bbox 1163 2770 1600 2855; x_wconf 82' lang='lat' dir='ltr'><strong>perhiberent,</strong></span> <span class='ocrx_word' id='word_1_165' title='bbox 1650 2770 1974 2835; x_wconf 87' lang='lat' dir='ltr'><strong>adhibitus</strong></span> <span class='ocrx_word' id='word_1_166' title='bbox 2044 2776 2142 2835; x_wconf 91' lang='lat' dir='ltr'><strong>est</strong></span> <span class='ocrx_word' id='word_1_167' title='bbox 2203 2792 2243 2835; x_wconf 98' lang='lat' dir='ltr'><strong>a</strong></span> <span class='ocrx_word' id='word_1_168' title='bbox 2285 2771 2550 2836; x_wconf 89' lang='lat' dir='ltr'><strong>meridie</strong></span> <span class='ocrx_word' id='word_1_169' title='bbox 2616 2770 2913 2835; x_wconf 82' lang='lat' dir='ltr'><strong>beatissi—</strong></span> 
     </span>
     <span class='ocr_line' id='line_1_22' title="bbox 656 2876 2909 2964; baseline -0.001 -21"><span class='ocrx_word' id='word_1_170' title='bbox 656 2901 796 2943; x_wconf 92' lang='lat' dir='ltr'><strong>mus</strong></span> <span class='ocrx_word' id='word_1_171' title='bbox 843 2877 1221 2964; x_wconf 82' lang='lat' dir='ltr'><strong>Cyprianus,</strong></span> <span class='ocrx_word' id='word_1_172' title='bbox 1273 2878 1615 2961; x_wconf 91' lang='lat' dir='ltr'><strong>episcopus</strong></span> <span class='ocrx_word' id='word_1_173' title='bbox 1663 2876 2207 2960; x_wconf 85' lang='lat' dir='ltr'><strong>Carthaginiensis</strong></span> <span class='ocrx_word' id='word_1_174' title='bbox 2256 2883 2322 2942; x_wconf 91' lang='lat' dir='ltr'><strong>et</strong></span> <span class='ocrx_word' id='word_1_175' title='bbox 2366 2883 2631 2962; x_wconf 82' lang='lat' dir='ltr'><strong>martyr,</strong></span> <span class='ocrx_word' id='word_1_176' title='bbox 2681 2898 2722 2941; x_wconf 93' lang='lat' dir='ltr'><strong>a</strong></span> <span class='ocrx_word' id='word_1_177' title='bbox 2767 2896 2909 2959; x_wconf 89' lang='lat' dir='ltr'><strong>sep-</strong></span> 
     </span>
     <span class='ocr_line' id='line_1_23' title="bbox 655 2981 2912 3067; baseline -0.002 -18"><span class='ocrx_word' id='word_1_178' title='bbox 655 2986 981 3051; x_wconf 88' lang='lat' dir='ltr'><strong>tentrione</strong></span> <span class='ocrx_word' id='word_1_179' title='bbox 1028 2990 1288 3049; x_wconf 90' lang='lat' dir='ltr'><strong>sanctus</strong></span> <span class='ocrx_word' id='word_1_180' title='bbox 1336 2984 1743 3066; x_wconf 78' lang='lat' dir='ltr'><strong>AmbrosiuS,</strong></span> <span class='ocrx_word' id='word_1_181' title='bbox 1792 2984 2297 3049; x_wconf 90' lang='lat' dir='ltr'><strong>Mediolanensis</strong></span> <span class='ocrx_word' id='word_1_182' title='bbox 2365 2984 2720 3067; x_wconf 89' lang='lat' dir='ltr'><strong>episcopus.</strong></span> <span class='ocrx_word' id='word_1_183' title='bbox 2814 2981 2912 3045; x_wconf 90' lang='lat' dir='ltr'><strong>Hi</strong></span> 
     </span>
     <span class='ocr_line' id='line_1_24' title="bbox 657 3091 2904 3176; baseline -0 -19"><span class='ocrx_word' id='word_1_184' title='bbox 657 3099 807 3158; x_wconf 91' lang='lat' dir='ltr'><strong>sunt</strong></span> <span class='ocrx_word' id='word_1_185' title='bbox 850 3093 1049 3176; x_wconf 87' lang='lat' dir='ltr'><strong>igitur</strong></span> <span class='ocrx_word' id='word_1_186' title='bbox 1108 3114 1333 3159; x_wconf 90' lang='lat' dir='ltr'><strong>omnes</strong></span> <span class='ocrx_word' id='word_1_187' title='bbox 1381 3093 1555 3175; x_wconf 85' lang='lat' dir='ltr'><strong>apud</strong></span> <span class='ocrx_word' id='word_1_188' title='bbox 1600 3091 1937 3175; x_wconf 86' lang='lat' dir='ltr'><strong>Ephesum</strong></span> <span class='ocrx_word' id='word_1_189' title='bbox 1994 3098 2251 3157; x_wconf 90' lang='lat' dir='ltr'><strong>sacrato</strong></span> <span class='ocrx_word' id='word_1_190' title='bbox 2300 3092 2592 3173; x_wconf 81' lang='lat' dir='ltr'><strong>decalogi</strong></span> <span class='ocrx_word' id='word_1_191' title='bbox 2636 3112 2904 3156; x_wconf 88' lang='lat' dir='ltr'><strong>numero</strong></span> 
     </span>
     <span class='ocr_line' id='line_1_25' title="bbox 654 3198 2916 3282; baseline -0.001 -17"><span class='ocrx_word' id='word_1_192' title='bbox 654 3201 946 3281; x_wconf 90' lang='lat' dir='ltr'><strong>magistri</strong></span> <span class='ocrx_word' id='word_1_193' title='bbox 993 3199 1338 3264; x_wconf 89' lang='lat' dir='ltr'><strong>consiliarii</strong></span> <span class='ocrx_word' id='word_1_194' title='bbox 1390 3204 1591 3264; x_wconf 90' lang='lat' dir='ltr'><strong>testes</strong></span> <span class='ocrx_word' id='word_1_195' title='bbox 1623 3199 1995 3281; x_wconf 86' lang='lat' dir='ltr'><strong>iudicesque</strong></span> <span class='ocrx_word' id='word_1_196' title='bbox 2026 3198 2350 3282; x_wconf 91' lang='lat' dir='ltr'><strong>producti,</strong></span> <span class='ocrx_word' id='word_1_197' title='bbox 2406 3220 2679 3282; x_wconf 92' lang='lat' dir='ltr'><strong>quorum</strong></span> <span class='ocrx_word' id='word_1_198' title='bbox 2712 3198 2916 3262; x_wconf 87' lang='lat' dir='ltr'><strong>beata</strong></span> 
     </span>
    </p>

    <p class='ocr_par' dir='ltr' id='par_1_7' title="bbox 584 3305 2914 3820">
     <span class='ocr_line' id='line_1_26' title="bbox 584 3305 2907 3391; baseline -0.001 -18"><span class='ocrx_word' id='word_1_199' title='bbox 584 3334 636 3373; x_wconf 81' lang='lat'><strong>25</strong></span> <span class='ocrx_word' id='word_1_200' title='bbox 656 3308 768 3372; x_wconf 89' lang='lat' dir='ltr'><strong>illa</strong></span> <span class='ocrx_word' id='word_1_201' title='bbox 814 3307 1098 3391; x_wconf 90' lang='lat' dir='ltr'><strong>synodus</strong></span> <span class='ocrx_word' id='word_1_202' title='bbox 1146 3308 1509 3372; x_wconf 89' lang='lat' dir='ltr'><strong>doctrinam</strong></span> <span class='ocrx_word' id='word_1_203' title='bbox 1566 3310 1814 3386; x_wconf 89' lang='lat' dir='ltr'><strong>tenens,</strong></span> <span class='ocrx_word' id='word_1_204' title='bbox 1880 3307 2212 3371; x_wconf 90' lang='lat' dir='ltr'><strong>consilium</strong></span> <span class='ocrx_word' id='word_1_205' title='bbox 2273 3327 2577 3389; x_wconf 92' lang='lat' dir='ltr'><strong>sequens,</strong></span> <span class='ocrx_word' id='word_1_206' title='bbox 2639 3305 2907 3371; x_wconf 91' lang='lat' dir='ltr'><strong>credens</strong></span> 
     </span>
     <span class='ocr_line' id='line_1_27' title="bbox 655 3413 2914 3498; baseline -0.002 -19"><span class='ocrx_word' id='word_1_207' title='bbox 655 3415 1046 3498; x_wconf 90' lang='lat' dir='ltr'><strong>testimoni0,</strong></span> <span class='ocrx_word' id='word_1_208' title='bbox 1082 3414 1389 3479; x_wconf 90' lang='lat' dir='ltr'><strong>obediens</strong></span> <span class='ocrx_word' id='word_1_209' title='bbox 1435 3413 1696 3496; x_wconf 91' lang='lat' dir='ltr'><strong>iudicio,</strong></span> <span class='ocrx_word' id='word_1_210' title='bbox 1746 3414 1990 3497; x_wconf 91' lang='lat' dir='ltr'><strong>absque</strong></span> <span class='ocrx_word' id='word_1_211' title='bbox 2017 3413 2234 3478; x_wconf 87' lang='lat' dir='ltr'><strong>taedio</strong></span> <span class='ocrx_word' id='word_1_212' title='bbox 2282 3414 2807 3497; x_wconf 90' lang='lat' dir='ltr'><strong>praesumptione</strong></span> <span class='ocrx_word' id='word_1_213' title='bbox 2841 3418 2914 3477; x_wconf 75' lang='lat' dir='ltr'><strong>et-</strong></span> 
     </span>
     <span class='ocr_line' id='line_1_28' title="bbox 656 3517 2912 3605; baseline -0.002 -18"><span class='ocrx_word' id='word_1_214' title='bbox 656 3524 868 3605; x_wconf 90' lang='lat' dir='ltr'><strong>gratia</strong></span> <span class='ocrx_word' id='word_1_215' title='bbox 899 3522 979 3586; x_wconf 89' lang='lat' dir='ltr'><strong>de</strong></span> <span class='ocrx_word' id='word_1_216' title='bbox 1009 3521 1159 3587; x_wconf 92' lang='lat' dir='ltr'><strong>fidei</strong></span> <span class='ocrx_word' id='word_1_217' title='bbox 1188 3521 1427 3605; x_wconf 91' lang='lat' dir='ltr'><strong>regulis</strong></span> <span class='ocrx_word' id='word_1_218' title='bbox 1455 3520 1914 3605; x_wconf 89' lang='lat' dir='ltr'><strong>pronuntiavit.</strong></span> <span class='ocrx_word' id='word_1_219' title='bbox 1964 3517 2369 3604; x_wconf 80' lang='lat' dir='ltr'><strong>Quamquam</strong></span> <span class='ocrx_word' id='word_1_220' title='bbox 2399 3520 2600 3584; x_wconf 88' lang='lat' dir='ltr'><strong>multo</strong></span> <span class='ocrx_word' id='word_1_221' title='bbox 2632 3519 2912 3602; x_wconf 89' lang='lat' dir='ltr'><strong>amplior</strong></span> 
     </span>
     <span class='ocr_line' id='line_1_29' title="bbox 654 3625 2908 3710; baseline -0.002 -16"><span class='ocrx_word' id='word_1_222' title='bbox 654 3630 965 3694; x_wconf 87' lang='lat' dir='ltr'><strong>maiorum</strong></span> <span class='ocrx_word' id='word_1_223' title='bbox 1020 3649 1323 3694; x_wconf 90' lang='lat' dir='ltr'><strong>numerus</strong></span> <span class='ocrx_word' id='word_1_224' title='bbox 1382 3628 1674 3692; x_wconf 86' lang='lat' dir='ltr'><strong>adhiberi</strong></span> <span class='ocrx_word' id='word_1_225' title='bbox 1733 3627 2039 3710; x_wconf 88' lang='lat' dir='ltr'><strong>potuerit,</strong></span> <span class='ocrx_word' id='word_1_226' title='bbox 2100 3628 2215 3691; x_wconf 88' lang='lat' dir='ltr'><strong>sed</strong></span> <span class='ocrx_word' id='word_1_227' title='bbox 2272 3648 2536 3693; x_wconf 89' lang='lat' dir='ltr'><strong>necesse</strong></span> <span class='ocrx_word' id='word_1_228' title='bbox 2581 3648 2713 3691; x_wconf 92' lang='lat' dir='ltr'><strong>non</strong></span> <span class='ocrx_word' id='word_1_229' title='bbox 2759 3625 2908 3708; x_wconf 86' lang='lat' dir='ltr'><strong>fuit,</strong></span> 
     </span>
     <span class='ocr_line' id='line_1_30' title="bbox 656 3733 2906 3820; baseline -0.001 -20"><span class='ocrx_word' id='word_1_230' title='bbox 656 3737 808 3820; x_wconf 91' lang='lat' dir='ltr'><strong>quia</strong></span> <span class='ocrx_word' id='word_1_231' title='bbox 875 3757 1085 3819; x_wconf 90' lang='lat' dir='ltr'><strong>neque</strong></span> <span class='ocrx_word' id='word_1_232' title='bbox 1154 3735 1562 3800; x_wconf 88' lang='lat' dir='ltr'><strong>multitudine</strong></span> <span class='ocrx_word' id='word_1_233' title='bbox 1627 3735 1891 3799; x_wconf 86' lang='lat' dir='ltr'><strong>testium</strong></span> <span class='ocrx_word' id='word_1_234' title='bbox 1955 3734 2199 3818; x_wconf 90' lang='lat' dir='ltr'><strong>negotii</strong></span> <span class='ocrx_word' id='word_1_235' title='bbox 2243 3740 2539 3818; x_wconf 91' lang='lat' dir='ltr'><strong>tempora</strong></span> <span class='ocrx_word' id='word_1_236' title='bbox 2599 3733 2906 3816; x_wconf 90' lang='lat' dir='ltr'><strong>occupari</strong></span> 
     </span>
    </p>

    <p class='ocr_par' dir='ltr' id='par_1_8' title="bbox 582 3841 2910 4031">
     <span class='ocr_line' id='line_1_31' title="bbox 582 3841 2910 3926; baseline -0.002 -17"><span class='ocrx_word' id='word_1_237' title='bbox 582 3868 637 3909; x_wconf 79' lang='lat' dir='ltr'><strong>so</strong></span> <span class='ocrx_word' id='word_1_238' title='bbox 658 3842 1024 3926; x_wconf 89' lang='lat' dir='ltr'><strong>oportebat,</strong></span> <span class='ocrx_word' id='word_1_239' title='bbox 1060 3847 1127 3907; x_wconf 92' lang='lat' dir='ltr'><strong>et</strong></span> <span class='ocrx_word' id='word_1_240' title='bbox 1160 3842 1382 3906; x_wconf 90' lang='lat' dir='ltr'><strong>decem</strong></span> <span class='ocrx_word' id='word_1_241' title='bbox 1412 3841 1554 3907; x_wconf 91' lang='lat' dir='ltr'><strong>illos</strong></span> <span class='ocrx_word' id='word_1_242' title='bbox 1584 3863 1716 3907; x_wconf 91' lang='lat' dir='ltr'><strong>non</strong></span> <span class='ocrx_word' id='word_1_243' title='bbox 1747 3842 1921 3906; x_wconf 89' lang='lat' dir='ltr'><strong>aliud</strong></span> <span class='ocrx_word' id='word_1_244' title='bbox 1951 3841 2085 3907; x_wconf 86' lang='lat' dir='ltr'><strong>fere</strong></span> <span class='ocrx_word' id='word_1_245' title='bbox 2118 3842 2394 3906; x_wconf 87' lang='lat' dir='ltr'><strong>sensisse</strong></span> <span class='ocrx_word' id='word_1_246' title='bbox 2425 3862 2620 3924; x_wconf 89' lang='lat' dir='ltr'><strong>quam</strong></span> <span class='ocrx_word' id='word_1_247' title='bbox 2652 3845 2910 3905; x_wconf 88' lang='lat' dir='ltr'><strong>ceteros</strong></span> 
     </span>
     <span class='ocr_line' id='line_1_32' title="bbox 657 3948 2063 4031; baseline 0 -17"><span class='ocrx_word' id='word_1_248' title='bbox 657 3970 877 4015; x_wconf 90' lang='lat' dir='ltr'><strong>omnes</strong></span> <span class='ocrx_word' id='word_1_249' title='bbox 926 3948 1213 4031; x_wconf 88' lang='lat' dir='ltr'><strong>collegas</strong></span> <span class='ocrx_word' id='word_1_250' title='bbox 1259 3969 1413 4014; x_wconf 90' lang='lat' dir='ltr'><strong>suos</strong></span> <span class='ocrx_word' id='word_1_251' title='bbox 1460 3949 1651 4013; x_wconf 89' lang='lat' dir='ltr'><strong>nemo</strong></span> <span class='ocrx_word' id='word_1_252' title='bbox 1701 3948 2063 4014; x_wconf 89' lang='lat' dir='ltr'><strong>dubitabat.</strong></span> 
     </span>
    </p>

    <p class='ocr_par' dir='ltr' id='par_1_9' title="bbox 656 4052 2909 4247">
     <span class='ocr_line' id='line_1_33' title="bbox 831 4052 2909 4139; baseline -0.001 -19"><span class='ocrx_word' id='word_1_253' title='bbox 831 4054 1114 4121; x_wconf 91' lang='lat' dir='ltr'>XXXI.</span> <span class='ocrx_word' id='word_1_254' title='bbox 1147 4055 1315 4120; x_wconf 90' lang='lat' dir='ltr'><strong>Post</strong></span> <span class='ocrx_word' id='word_1_255' title='bbox 1347 4077 1513 4139; x_wconf 89' lang='lat' dir='ltr'><strong>quae</strong></span> <span class='ocrx_word' id='word_1_256' title='bbox 1547 4056 1762 4120; x_wconf 91' lang='lat' dir='ltr'><strong>omnia</strong></span> <span class='ocrx_word' id='word_1_257' title='bbox 1791 4055 2139 4120; x_wconf 87' lang='lat' dir='ltr'><strong>adiecimus</strong></span> <span class='ocrx_word' id='word_1_258' title='bbox 2171 4055 2366 4120; x_wconf 90' lang='lat' dir='ltr'><strong>etiam</strong></span> <span class='ocrx_word' id='word_1_259' title='bbox 2394 4054 2653 4120; x_wconf 85' lang='lat' dir='ltr'><strong>beatam</strong></span> <span class='ocrx_word' id='word_1_260' title='bbox 2684 4052 2909 4138; x_wconf 83' lang='lat' dir='ltr'><strong>Cyrilli</strong></span> 
     </span>
     <span class='ocr_line' id='line_1_34' title="bbox 656 4159 2906 4247; baseline -0.002 -18"><span class='ocrx_word' id='word_1_261' title='bbox 656 4165 1059 4247; x_wconf 86' lang='lat' dir='ltr'><strong>sententiam,</strong></span> <span class='ocrx_word' id='word_1_262' title='bbox 1109 4184 1272 4247; x_wconf 87' lang='lat' dir='ltr'><strong>quae</strong></span> <span class='ocrx_word' id='word_1_263' title='bbox 1320 4163 1521 4246; x_wconf 90' lang='lat' dir='ltr'><strong>gestis</strong></span> <span class='ocrx_word' id='word_1_264' title='bbox 1566 4163 1722 4246; x_wconf 90' lang='lat' dir='ltr'><strong>ipsis</strong></span> <span class='ocrx_word' id='word_1_265' title='bbox 1757 4162 2204 4229; x_wconf 89' lang='lat' dir='ltr'><strong>ecclesiasticis</strong></span> <span class='ocrx_word' id='word_1_266' title='bbox 2238 4162 2622 4230; x_wconf 90' lang='lat' dir='ltr'><strong>continetur.</strong></span> <span class='ocrx_word' id='word_1_267' title='bbox 2699 4159 2769 4226; x_wconf 86' lang='lat' dir='ltr'>N</span> <span class='ocrx_word' id='word_1_268' title='bbox 2771 4182 2906 4226; x_wconf 91' lang='lat' dir='ltr'><strong>am-</strong></span> 
     </span>
    </p>
   </div>
  </div>
 </body>
</html>
