<?xml version="1.0" encoding="UTF-8"?>
<!DOCTYPE html PUBLIC "-//W3C//DTD XHTML 1.0 Transitional//EN"
    "http://www.w3.org/TR/xhtml1/DTD/xhtml1-transitional.dtd">
<html xmlns="http://www.w3.org/1999/xhtml" xml:lang="en" lang="en">
 <head>
  <title>
</title>
<meta http-equiv="Content-Type" content="text/html;charset=utf-8" />
  <meta name='ocr-system' content='tesseract 3.04.00' />
  <meta name='ocr-capabilities' content='ocr_page ocr_carea ocr_par ocr_line ocrx_word'/>
</head>
<body>
  <div class='ocr_page' id='page_1' title='image "./vincenzvonlerin00jlgoog_0034.png"; bbox 0 0 3292 5109; ppageno 0'>
   <div class='ocr_carea' id='block_1_1' title="bbox 1248 605 2639 675">
    <p class='ocr_par' dir='ltr' id='par_1_1' title="bbox 1248 605 2639 675">
     <span class='ocr_line' id='line_1_1' title="bbox 1248 605 2639 675; baseline 0.004 -14"><span class='ocrx_word' id='word_1_1' title='bbox 1248 607 1306 661; x_wconf 86' lang='lat' dir='ltr'>x</span> <span class='ocrx_word' id='word_1_2' title='bbox 1344 605 1619 675; x_wconf 81' lang='grc' dir='ltr'><strong>(15)-ΧΙ</strong></span> <span class='ocrx_word' id='word_1_3' title='bbox 1657 606 1791 672; x_wconf 83' lang='grc'><strong>(16).</strong></span> <span class='ocrx_word' id='word_1_4' title='bbox 2558 607 2639 668; x_wconf 82' lang='lat'>15</span> 
     </span>
    </p>
   </div>
   <div class='ocr_carea' id='block_1_2' title="bbox 388 764 2720 4049">
    <p class='ocr_par' dir='ltr' id='par_1_2' title="bbox 388 764 2642 855">
     <span class='ocr_line' id='line_1_2' title="bbox 388 764 2642 855; baseline -0.004 -19"><span class='ocrx_word' id='word_1_5' title='bbox 388 793 583 855; x_wconf 87' lang='lat' dir='ltr'>quem</span> <span class='ocrx_word' id='word_1_6' title='bbox 630 776 703 834; x_wconf 90' lang='lat' dir='ltr'>tu</span> <span class='ocrx_word' id='word_1_7' title='bbox 748 769 1161 853; x_wconf 87' lang='lat' dir='ltr'>prophetam,</span> <span class='ocrx_word' id='word_1_8' title='bbox 1225 789 1417 850; x_wconf 90' lang='lat' dir='ltr'>quem</span> <span class='ocrx_word' id='word_1_9' title='bbox 1462 766 1926 850; x_wconf 86' lang='lat' dir='ltr'>prophetarum</span> <span class='ocrx_word' id='word_1_10' title='bbox 1975 764 2385 847; x_wconf 87' lang='lat' dir='ltr'>discipulum,</span> <span class='ocrx_word' id='word_1_11' title='bbox 2451 784 2642 847; x_wconf 88' lang='lat' dir='ltr'>quem</span> 
     </span>
    </p>

    <p class='ocr_par' dir='ltr' id='par_1_3' title="bbox 390 874 2641 956">
     <span class='ocr_line' id='line_1_3' title="bbox 390 874 2641 956; baseline -0.004 -13"><span class='ocrx_word' id='word_1_12' title='bbox 390 879 727 943; x_wconf 89' lang='lat' dir='ltr'>doctorem</span> <span class='ocrx_word' id='word_1_13' title='bbox 775 881 840 941; x_wconf 90' lang='lat' dir='ltr'>et</span> <span class='ocrx_word' id='word_1_14' title='bbox 887 875 1292 941; x_wconf 80' lang='lat' dir='ltr'><strong>adsertorem</strong></span> <span class='ocrx_word' id='word_1_15' title='bbox 1336 874 1626 939; x_wconf 84' lang='lat' dir='ltr'>veritatis</span> <span class='ocrx_word' id='word_1_16' title='bbox 1671 878 1882 956; x_wconf 79' lang='lat' dir='ltr'>puteS,</span> <span class='ocrx_word' id='word_1_17' title='bbox 1934 893 2123 955; x_wconf 90' lang='lat' dir='ltr'>quem</span> <span class='ocrx_word' id='word_1_18' title='bbox 2171 894 2416 937; x_wconf 92' lang='lat' dir='ltr'>summa</span> <span class='ocrx_word' id='word_1_19' title='bbox 2461 892 2641 936; x_wconf 87' lang='lat' dir='ltr'>vene-</span> 
     </span>
    </p>

    <p class='ocr_par' dir='ltr' id='par_1_4' title="bbox 388 978 2640 1064">
     <span class='ocr_line' id='line_1_4' title="bbox 388 978 2640 1064; baseline -0.003 -14"><span class='ocrx_word' id='word_1_20' title='bbox 388 987 642 1050; x_wconf 79' lang='lat' dir='ltr'>ratione</span> <span class='ocrx_word' id='word_1_21' title='bbox 673 989 740 1049; x_wconf 90' lang='lat' dir='ltr'>et</span> <span class='ocrx_word' id='word_1_22' title='bbox 771 1004 991 1048; x_wconf 90' lang='lat' dir='ltr'>amore</span> <span class='ocrx_word' id='word_1_23' title='bbox 1025 982 1395 1064; x_wconf 91' lang='lat' dir='ltr'>complexus</span> <span class='ocrx_word' id='word_1_24' title='bbox 1427 981 1535 1062; x_wconf 77' lang='lat' dir='ltr'>siS,</span> <span class='ocrx_word' id='word_1_25' title='bbox 1581 981 1637 1045; x_wconf 91' lang='lat' dir='ltr'>is</span> <span class='ocrx_word' id='word_1_26' title='bbox 1672 980 1889 1046; x_wconf 90' lang='lat' dir='ltr'>subito</span> <span class='ocrx_word' id='word_1_27' title='bbox 1923 980 2205 1045; x_wconf 90' lang='lat' dir='ltr'>latenter</span> <span class='ocrx_word' id='word_1_28' title='bbox 2233 980 2461 1043; x_wconf 90' lang='lat' dir='ltr'>noxios</span> <span class='ocrx_word' id='word_1_29' title='bbox 2494 978 2640 1043; x_wconf 89' lang='lat' dir='ltr'>sub-</span> 
     </span>
    </p>

    <p class='ocr_par' dir='ltr' id='par_1_5' title="bbox 388 1085 2644 1173">
     <span class='ocr_line' id='line_1_5' title="bbox 388 1085 2644 1173; baseline -0.004 -15"><span class='ocrx_word' id='word_1_30' title='bbox 388 1093 656 1158; x_wconf 88' lang='lat' dir='ltr'>inducat</span> <span class='ocrx_word' id='word_1_31' title='bbox 712 1111 963 1157; x_wconf 87' lang='lat' dir='ltr'>errores</span> <span class='ocrx_word' id='word_1_32' title='bbox 986 1139 1004 1172; x_wconf 94' lang='lat'>,</span> <span class='ocrx_word' id='word_1_33' title='bbox 1067 1110 1231 1173; x_wconf 91' lang='lat' dir='ltr'>quos</span> <span class='ocrx_word' id='word_1_34' title='bbox 1298 1109 1419 1153; x_wconf 91' lang='lat' dir='ltr'>nec</span> <span class='ocrx_word' id='word_1_35' title='bbox 1467 1089 1596 1153; x_wconf 91' lang='lat' dir='ltr'>cito</span> <span class='ocrx_word' id='word_1_36' title='bbox 1646 1086 2128 1170; x_wconf 83' lang='lat' dir='ltr'>deprehendere</span> <span class='ocrx_word' id='word_1_37' title='bbox 2182 1086 2429 1167; x_wconf 79' lang='lat' dir='ltr'>valeaS,</span> <span class='ocrx_word' id='word_1_38' title='bbox 2491 1085 2644 1149; x_wconf 90' lang='lat' dir='ltr'>dum</span> 
     </span>
    </p>

    <p class='ocr_par' dir='ltr' id='par_1_6' title="bbox 388 1192 2688 1388">
     <span class='ocr_line' id='line_1_6' title="bbox 388 1192 2688 1282; baseline -0.004 -19"><span class='ocrx_word' id='word_1_39' title='bbox 388 1199 640 1282; x_wconf 79' lang='lat' dir='ltr'>antiqui</span> <span class='ocrx_word' id='word_1_40' title='bbox 684 1198 1036 1280; x_wconf 83' lang='lat' dir='ltr'>magisterii</span> <span class='ocrx_word' id='word_1_41' title='bbox 1068 1196 1319 1261; x_wconf 90' lang='lat' dir='ltr'>duceris</span> <span class='ocrx_word' id='word_1_42' title='bbox 1366 1195 1784 1277; x_wconf 91' lang='lat' dir='ltr'>praeiudicio,</span> <span class='ocrx_word' id='word_1_43' title='bbox 1832 1215 1952 1258; x_wconf 91' lang='lat' dir='ltr'>nec</span> <span class='ocrx_word' id='word_1_44' title='bbox 1983 1192 2168 1258; x_wconf 84' lang='lat' dir='ltr'>facile</span> <span class='ocrx_word' id='word_1_45' title='bbox 2201 1193 2504 1258; x_wconf 89' lang='lat' dir='ltr'>damnare</span> <span class='ocrx_word' id='word_1_46' title='bbox 2529 1192 2642 1256; x_wconf 93' lang='lat' dir='ltr'>du·</span> <span class='ocrx_word' id='word_1_47' title='bbox 2663 1214 2688 1254; x_wconf 90' lang='lat'>5</span> 
     </span>
     <span class='ocr_line' id='line_1_7' title="bbox 388 1301 2211 1388; baseline -0.002 -16"><span class='ocrx_word' id='word_1_48' title='bbox 388 1308 482 1372; x_wconf 91' lang='lat' dir='ltr'>cis</span> <span class='ocrx_word' id='word_1_49' title='bbox 523 1306 641 1388; x_wconf 89' lang='lat' dir='ltr'>fas,</span> <span class='ocrx_word' id='word_1_50' title='bbox 689 1306 843 1370; x_wconf 92' lang='lat' dir='ltr'>dum</span> <span class='ocrx_word' id='word_1_51' title='bbox 887 1305 1177 1388; x_wconf 78' lang='lat' dir='ltr'>magistri</span> <span class='ocrx_word' id='word_1_52' title='bbox 1210 1303 1443 1368; x_wconf 87' lang='lat' dir='ltr'>veteris</span> <span class='ocrx_word' id='word_1_53' title='bbox 1488 1303 1884 1386; x_wconf 88' lang='lat' dir='ltr'>praepediris</span> <span class='ocrx_word' id='word_1_54' title='bbox 1932 1301 2211 1368; x_wconf 87' lang='lat' dir='ltr'>adfectu.</span> 
     </span>
    </p>

    <p class='ocr_par' dir='ltr' id='par_1_7' title="bbox 389 1408 2719 3314">
     <span class='ocr_line' id='line_1_8' title="bbox 569 1408 2646 1498; baseline -0.003 -20"><span class='ocrx_word' id='word_1_55' title='bbox 569 1414 698 1478; x_wconf 84' lang='lat' dir='ltr'>XI.</span> <span class='ocrx_word' id='word_1_56' title='bbox 734 1416 872 1498; x_wconf 87' lang='lat'>(16)</span> <span class='ocrx_word' id='word_1_57' title='bbox 905 1413 1035 1476; x_wconf 90' lang='lat' dir='ltr'>Hic</span> <span class='ocrx_word' id='word_1_58' title='bbox 1066 1411 1339 1477; x_wconf 81' lang='lat' dir='ltr'>forsitan</span> <span class='ocrx_word' id='word_1_59' title='bbox 1371 1409 1685 1493; x_wconf 88' lang='lat' dir='ltr'>efflagitet</span> <span class='ocrx_word' id='word_1_60' title='bbox 1717 1410 1963 1492; x_wconf 79' lang='lat' dir='ltr'>aliquiS,</span> <span class='ocrx_word' id='word_1_61' title='bbox 1997 1415 2072 1473; x_wconf 91' lang='lat' dir='ltr'>ut</span> <span class='ocrx_word' id='word_1_62' title='bbox 2105 1431 2200 1490; x_wconf 86' lang='lat' dir='ltr'>ea,</span> <span class='ocrx_word' id='word_1_63' title='bbox 2236 1429 2402 1492; x_wconf 89' lang='lat' dir='ltr'>quae</span> <span class='ocrx_word' id='word_1_64' title='bbox 2436 1408 2646 1472; x_wconf 87' lang='lat' dir='ltr'>sancti</span> 
     </span>
     <span class='ocr_line' id='line_1_9' title="bbox 390 1513 2642 1606; baseline -0.003 -20"><span class='ocrx_word' id='word_1_65' title='bbox 390 1513 608 1606; x_wconf 87' lang='lat' dir='ltr'>Moysi</span> <span class='ocrx_word' id='word_1_66' title='bbox 655 1521 864 1587; x_wconf 88' lang='lat' dir='ltr'>verbis</span> <span class='ocrx_word' id='word_1_67' title='bbox 913 1520 1178 1584; x_wconf 89' lang='lat' dir='ltr'>adserta</span> <span class='ocrx_word' id='word_1_68' title='bbox 1246 1524 1426 1600; x_wconf 89' lang='lat' dir='ltr'>sunt,</span> <span class='ocrx_word' id='word_1_69' title='bbox 1493 1518 1946 1582; x_wconf 89' lang='lat' dir='ltr'>ecclesiasticis</span> <span class='ocrx_word' id='word_1_70' title='bbox 2013 1517 2335 1600; x_wconf 88' lang='lat' dir='ltr'>aliquibus</span> <span class='ocrx_word' id='word_1_71' title='bbox 2384 1517 2642 1581; x_wconf 92' lang='lat' dir='ltr'>demon-</span> 
     </span>
     <span class='ocr_line' id='line_1_10' title="bbox 389 1622 2641 1710; baseline -0.001 -17"><span class='ocrx_word' id='word_1_72' title='bbox 389 1635 682 1693; x_wconf 89' lang='lat' dir='ltr'>strentur</span> <span class='ocrx_word' id='word_1_73' title='bbox 745 1628 1070 1710; x_wconf 90' lang='lat' dir='ltr'>exemplis.</span> <span class='ocrx_word' id='word_1_74' title='bbox 1162 1626 1401 1709; x_wconf 90' lang='lat' dir='ltr'>Aequa</span> <span class='ocrx_word' id='word_1_75' title='bbox 1463 1625 1898 1707; x_wconf 79' lang='lat' dir='ltr'>expostulatio</span> <span class='ocrx_word' id='word_1_76' title='bbox 1947 1645 2066 1688; x_wconf 91' lang='lat' dir='ltr'>nec</span> <span class='ocrx_word' id='word_1_77' title='bbox 2114 1624 2222 1689; x_wconf 91' lang='lat' dir='ltr'>diu</span> <span class='ocrx_word' id='word_1_78' title='bbox 2271 1622 2641 1690; x_wconf 87' lang='lat' dir='ltr'>differenda.</span> 
     </span>
     <span class='ocr_line' id='line_1_11' title="bbox 391 1731 2717 1817; baseline -0.002 -16"><span class='ocrx_word' id='word_1_79' title='bbox 391 1735 566 1801; x_wconf 92' lang='lat' dir='ltr'>Nam</span> <span class='ocrx_word' id='word_1_80' title='bbox 633 1742 707 1799; x_wconf 91' lang='lat' dir='ltr'>ut</span> <span class='ocrx_word' id='word_1_81' title='bbox 776 1757 817 1799; x_wconf 92' lang='lat' dir='ltr'>a</span> <span class='ocrx_word' id='word_1_82' title='bbox 874 1734 1182 1817; x_wconf 86' lang='lat' dir='ltr'>proximis</span> <span class='ocrx_word' id='word_1_83' title='bbox 1253 1739 1320 1797; x_wconf 91' lang='lat' dir='ltr'>et</span> <span class='ocrx_word' id='word_1_84' title='bbox 1365 1732 1723 1797; x_wconf 90' lang='lat' dir='ltr'>manifestis</span> <span class='ocrx_word' id='word_1_85' title='bbox 1770 1732 2085 1814; x_wconf 89' lang='lat' dir='ltr'>incipiam,</span> <span class='ocrx_word' id='word_1_86' title='bbox 2148 1731 2401 1814; x_wconf 91' lang='lat' dir='ltr'>qualem</span> <span class='ocrx_word' id='word_1_87' title='bbox 2448 1731 2644 1796; x_wconf 86' lang='lat' dir='ltr'>fuisse</span> <span class='ocrx_word' id='word_1_88' title='bbox 2664 1758 2717 1796; x_wconf 84' lang='grc' dir='ltr'>ιο</span> 
     </span>
     <span class='ocr_line' id='line_1_12' title="bbox 391 1837 2646 1924; baseline -0.002 -18"><span class='ocrx_word' id='word_1_89' title='bbox 391 1863 601 1924; x_wconf 90' lang='lat' dir='ltr'>nuper</span> <span class='ocrx_word' id='word_1_90' title='bbox 648 1841 1078 1905; x_wconf 87' lang='lat' dir='ltr'>tentationem</span> <span class='ocrx_word' id='word_1_91' title='bbox 1124 1845 1466 1922; x_wconf 89' lang='lat' dir='ltr'>putamus,</span> <span class='ocrx_word' id='word_1_92' title='bbox 1516 1860 1663 1903; x_wconf 92' lang='lat' dir='ltr'>cum</span> <span class='ocrx_word' id='word_1_93' title='bbox 1706 1837 1928 1903; x_wconf 86' lang='lat' dir='ltr'>infelix</span> <span class='ocrx_word' id='word_1_94' title='bbox 1973 1837 2078 1901; x_wconf 94' lang='lat' dir='ltr'>ille</span> <span class='ocrx_word' id='word_1_95' title='bbox 2125 1837 2494 1920; x_wconf 80' lang='lat' dir='ltr'>NestoriuS,</span> <span class='ocrx_word' id='word_1_96' title='bbox 2544 1859 2646 1902; x_wconf 93' lang='lat' dir='ltr'>su-</span> 
     </span>
     <span class='ocr_line' id='line_1_13' title="bbox 392 1944 2646 2029; baseline -0.002 -15"><span class='ocrx_word' id='word_1_97' title='bbox 392 1950 531 2014; x_wconf 93' lang='lat' dir='ltr'>bito</span> <span class='ocrx_word' id='word_1_98' title='bbox 604 1971 684 2013; x_wconf 91' lang='lat' dir='ltr'>ex</span> <span class='ocrx_word' id='word_1_99' title='bbox 754 1970 871 2014; x_wconf 87' lang='lat' dir='ltr'>ove</span> <span class='ocrx_word' id='word_1_100' title='bbox 942 1969 1285 2012; x_wconf 86' lang='lat' dir='ltr'>conversus</span> <span class='ocrx_word' id='word_1_101' title='bbox 1347 1947 1412 2011; x_wconf 89' lang='lat' dir='ltr'>in</span> <span class='ocrx_word' id='word_1_102' title='bbox 1459 1946 1714 2029; x_wconf 91' lang='lat' dir='ltr'>lupum,</span> <span class='ocrx_word' id='word_1_103' title='bbox 1766 1967 2027 2028; x_wconf 84' lang='lat' dir='ltr'>gregem</span> <span class='ocrx_word' id='word_1_104' title='bbox 2072 1944 2316 2010; x_wconf 86' lang='lat' dir='ltr'>Christi</span> <span class='ocrx_word' id='word_1_105' title='bbox 2359 1946 2646 2010; x_wconf 89' lang='lat' dir='ltr'>lacerare</span> 
     </span>
     <span class='ocr_line' id='line_1_14' title="bbox 395 2053 2646 2138; baseline -0.001 -19"><span class='ocrx_word' id='word_1_106' title='bbox 395 2056 744 2138; x_wconf 90' lang='lat' dir='ltr'>coepisset,</span> <span class='ocrx_word' id='word_1_107' title='bbox 807 2076 953 2119; x_wconf 91' lang='lat' dir='ltr'>cum</span> <span class='ocrx_word' id='word_1_108' title='bbox 1008 2077 1155 2119; x_wconf 92' lang='lat' dir='ltr'>eum</span> <span class='ocrx_word' id='word_1_109' title='bbox 1207 2054 1275 2117; x_wconf 92' lang='lat' dir='ltr'>hi</span> <span class='ocrx_word' id='word_1_110' title='bbox 1318 2055 1461 2136; x_wconf 90' lang='lat' dir='ltr'>ipsi,</span> <span class='ocrx_word' id='word_1_111' title='bbox 1512 2053 1621 2137; x_wconf 92' lang='lat' dir='ltr'>qui</span> <span class='ocrx_word' id='word_1_112' title='bbox 1666 2053 2082 2135; x_wconf 89' lang='lat' dir='ltr'>rodebantur,</span> <span class='ocrx_word' id='word_1_113' title='bbox 2132 2075 2212 2118; x_wconf 92' lang='lat' dir='ltr'>ex</span> <span class='ocrx_word' id='word_1_114' title='bbox 2257 2074 2492 2135; x_wconf 85' lang='lat' dir='ltr'>magna</span> <span class='ocrx_word' id='word_1_115' title='bbox 2537 2054 2646 2117; x_wconf 90' lang='lat' dir='ltr'>ad-</span> 
     </span>
     <span class='ocr_line' id='line_1_15' title="bbox 393 2161 2645 2245; baseline -0 -19"><span class='ocrx_word' id='word_1_116' title='bbox 393 2162 519 2226; x_wconf 91' lang='lat' dir='ltr'>huc</span> <span class='ocrx_word' id='word_1_117' title='bbox 564 2167 750 2245; x_wconf 88' lang='lat' dir='ltr'>parte</span> <span class='ocrx_word' id='word_1_118' title='bbox 799 2183 979 2227; x_wconf 86' lang='lat' dir='ltr'>ovem</span> <span class='ocrx_word' id='word_1_119' title='bbox 1027 2162 1385 2244; x_wconf 83' lang='lat' dir='ltr'>crederent,</span> <span class='ocrx_word' id='word_1_120' title='bbox 1433 2161 1711 2244; x_wconf 91' lang='lat' dir='ltr'>ideoque</span> <span class='ocrx_word' id='word_1_121' title='bbox 1757 2161 2076 2227; x_wconf 88' lang='lat' dir='ltr'>morsibus</span> <span class='ocrx_word' id='word_1_122' title='bbox 2124 2162 2254 2225; x_wconf 91' lang='lat' dir='ltr'>suis</span> <span class='ocrx_word' id='word_1_123' title='bbox 2299 2162 2503 2245; x_wconf 89' lang='lat' dir='ltr'>magis</span> <span class='ocrx_word' id='word_1_124' title='bbox 2535 2183 2645 2245; x_wconf 90' lang='lat' dir='ltr'>pa-</span> 
     </span>
     <span class='ocr_line' id='line_1_16' title="bbox 394 2268 2717 2353; baseline -0.001 -20"><span class='ocrx_word' id='word_1_125' title='bbox 394 2270 654 2334; x_wconf 79' lang='lat' dir='ltr'>terent?</span> <span class='ocrx_word' id='word_1_126' title='bbox 714 2268 887 2334; x_wconf 90' lang='lat' dir='ltr'>Nam</span> <span class='ocrx_word' id='word_1_127' title='bbox 921 2270 1065 2353; x_wconf 91' lang='lat' dir='ltr'>quis</span> <span class='ocrx_word' id='word_1_128' title='bbox 1097 2290 1243 2333; x_wconf 89' lang='lat' dir='ltr'>eum</span> <span class='ocrx_word' id='word_1_129' title='bbox 1276 2269 1463 2333; x_wconf 87' lang='lat' dir='ltr'>facile</span> <span class='ocrx_word' id='word_1_130' title='bbox 1496 2290 1711 2334; x_wconf 88' lang='lat' dir='ltr'>errare</span> <span class='ocrx_word' id='word_1_131' title='bbox 1744 2270 2187 2351; x_wconf 88' lang='lat' dir='ltr'>arbitraretur,</span> <span class='ocrx_word' id='word_1_132' title='bbox 2236 2290 2424 2352; x_wconf 90' lang='lat' dir='ltr'>quem</span> <span class='ocrx_word' id='word_1_133' title='bbox 2457 2275 2643 2333; x_wconf 89' lang='lat' dir='ltr'>tanto</span> <span class='ocrx_word' id='word_1_134' title='bbox 2667 2291 2717 2331; x_wconf 84' lang='lat'>15</span> 
     </span>
     <span class='ocr_line' id='line_1_17' title="bbox 392 2376 2644 2460; baseline 0 -20"><span class='ocrx_word' id='word_1_135' title='bbox 392 2377 641 2460; x_wconf 88' lang='lat' dir='ltr'>imperii</span> <span class='ocrx_word' id='word_1_136' title='bbox 685 2377 921 2442; x_wconf 91' lang='lat' dir='ltr'>iudicio</span> <span class='ocrx_word' id='word_1_137' title='bbox 971 2377 1264 2456; x_wconf 89' lang='lat' dir='ltr'>electum,</span> <span class='ocrx_word' id='word_1_138' title='bbox 1314 2382 1502 2442; x_wconf 89' lang='lat' dir='ltr'>tanto</span> <span class='ocrx_word' id='word_1_139' title='bbox 1539 2378 1956 2441; x_wconf 82' lang='lat' dir='ltr'>sacerdotum</span> <span class='ocrx_word' id='word_1_140' title='bbox 1987 2376 2200 2441; x_wconf 88' lang='lat' dir='ltr'>studio</span> <span class='ocrx_word' id='word_1_141' title='bbox 2232 2382 2644 2459; x_wconf 90' lang='lat' dir='ltr'>prosecutum</span> 
     </span>
     <span class='ocr_line' id='line_1_18' title="bbox 391 2484 2647 2568; baseline 0.003 -21"><span class='ocrx_word' id='word_1_142' title='bbox 391 2484 673 2567; x_wconf 82' lang='lat' dir='ltr'>videret,</span> <span class='ocrx_word' id='word_1_143' title='bbox 725 2485 836 2567; x_wconf 90' lang='lat' dir='ltr'>qui</span> <span class='ocrx_word' id='word_1_144' title='bbox 861 2536 875 2564; x_wconf 92' lang='lat'>‚</span> <span class='ocrx_word' id='word_1_145' title='bbox 927 2505 1071 2549; x_wconf 89' lang='lat' dir='ltr'>cum</span> <span class='ocrx_word' id='word_1_146' title='bbox 1120 2506 1355 2567; x_wconf 85' lang='lat' dir='ltr'>magno</span> <span class='ocrx_word' id='word_1_147' title='bbox 1407 2490 1780 2549; x_wconf 88' lang='lat' dir='ltr'>sanctorum</span> <span class='ocrx_word' id='word_1_148' title='bbox 1827 2505 2081 2565; x_wconf 89' lang='lat' dir='ltr'>amore,</span> <span class='ocrx_word' id='word_1_149' title='bbox 2129 2506 2377 2549; x_wconf 91' lang='lat' dir='ltr'>summo</span> <span class='ocrx_word' id='word_1_150' title='bbox 2425 2485 2647 2568; x_wconf 91' lang='lat' dir='ltr'>populi</span> 
     </span>
     <span class='ocr_line' id='line_1_19' title="bbox 392 2591 2648 2675; baseline 0 -19"><span class='ocrx_word' id='word_1_151' title='bbox 392 2592 614 2656; x_wconf 88' lang='lat' dir='ltr'>favore</span> <span class='ocrx_word' id='word_1_152' title='bbox 664 2592 1124 2674; x_wconf 81' lang='lat' dir='ltr'>celebraretur,</span> <span class='ocrx_word' id='word_1_153' title='bbox 1175 2592 1466 2674; x_wconf 91' lang='lat' dir='ltr'>quotidie</span> <span class='ocrx_word' id='word_1_154' title='bbox 1513 2591 1727 2674; x_wconf 88' lang='lat' dir='ltr'>palam</span> <span class='ocrx_word' id='word_1_155' title='bbox 1776 2591 1989 2655; x_wconf 87' lang='lat' dir='ltr'>divina</span> <span class='ocrx_word' id='word_1_156' title='bbox 2032 2592 2360 2656; x_wconf 88' lang='lat' dir='ltr'>tractabat</span> <span class='ocrx_word' id='word_1_157' title='bbox 2393 2592 2648 2675; x_wconf 89' lang='lat' dir='ltr'>eloquia</span> 
     </span>
     <span class='ocr_line' id='line_1_20' title="bbox 393 2698 2645 2782; baseline 0.001 -20"><span class='ocrx_word' id='word_1_158' title='bbox 393 2704 460 2762; x_wconf 89' lang='lat' dir='ltr'>et</span> <span class='ocrx_word' id='word_1_159' title='bbox 507 2700 735 2764; x_wconf 86' lang='lat' dir='ltr'>noxios</span> <span class='ocrx_word' id='word_1_160' title='bbox 784 2721 1075 2782; x_wconf 90' lang='lat' dir='ltr'>quosque</span> <span class='ocrx_word' id='word_1_161' title='bbox 1125 2698 1528 2763; x_wconf 84' lang='lat' dir='ltr'>Judaeorum</span> <span class='ocrx_word' id='word_1_162' title='bbox 1578 2704 1643 2762; x_wconf 91' lang='lat' dir='ltr'>et</span> <span class='ocrx_word' id='word_1_163' title='bbox 1691 2699 2019 2780; x_wconf 85' lang='lat' dir='ltr'>gentilium</span> <span class='ocrx_word' id='word_1_164' title='bbox 2067 2698 2444 2764; x_wconf 87' lang='lat' dir='ltr'>confutabat</span> <span class='ocrx_word' id='word_1_165' title='bbox 2476 2721 2645 2765; x_wconf 87' lang='lat' dir='ltr'>erro-</span> 
     </span>
     <span class='ocr_line' id='line_1_21' title="bbox 393 2802 2719 2888; baseline 0 -19"><span class='ocrx_word' id='word_1_166' title='bbox 393 2806 545 2869; x_wconf 79' lang='lat' dir='ltr'>res?</span> <span class='ocrx_word' id='word_1_167' title='bbox 625 2802 770 2887; x_wconf 79' lang='lat' dir='ltr'>Quo</span> <span class='ocrx_word' id='word_1_168' title='bbox 844 2804 1110 2869; x_wconf 86' lang='lat' dir='ltr'>tandem</span> <span class='ocrx_word' id='word_1_169' title='bbox 1174 2806 1298 2869; x_wconf 88' lang='lat' dir='ltr'>iste</span> <span class='ocrx_word' id='word_1_170' title='bbox 1355 2806 1547 2869; x_wconf 90' lang='lat' dir='ltr'>modo</span> <span class='ocrx_word' id='word_1_171' title='bbox 1606 2826 1738 2869; x_wconf 92' lang='lat' dir='ltr'>non</span> <span class='ocrx_word' id='word_1_172' title='bbox 1787 2805 1983 2870; x_wconf 85' lang='lat' dir='ltr'>cuivis</span> <span class='ocrx_word' id='word_1_173' title='bbox 2028 2804 2220 2870; x_wconf 90' lang='lat' dir='ltr'>fidem</span> <span class='ocrx_word' id='word_1_174' title='bbox 2266 2806 2529 2888; x_wconf 87' lang='lat' dir='ltr'>faceret,</span> <span class='ocrx_word' id='word_1_175' title='bbox 2578 2829 2646 2872; x_wconf 91' lang='lat' dir='ltr'>se</span> <span class='ocrx_word' id='word_1_176' title='bbox 2667 2832 2719 2869; x_wconf 80' lang='lat'>20</span> 
     </span>
     <span class='ocr_line' id='line_1_22' title="bbox 393 2910 2645 2996; baseline 0.001 -20"><span class='ocrx_word' id='word_1_177' title='bbox 393 2918 575 2976; x_wconf 89' lang='lat' dir='ltr'>recta</span> <span class='ocrx_word' id='word_1_178' title='bbox 607 2910 863 2993; x_wconf 89' lang='lat' dir='ltr'>docere,</span> <span class='ocrx_word' id='word_1_179' title='bbox 911 2918 1094 2975; x_wconf 90' lang='lat' dir='ltr'>recta</span> <span class='ocrx_word' id='word_1_180' title='bbox 1124 2910 1524 2993; x_wconf 89' lang='lat' dir='ltr'>praedicare,</span> <span class='ocrx_word' id='word_1_181' title='bbox 1555 2919 1740 2975; x_wconf 90' lang='lat' dir='ltr'>recta</span> <span class='ocrx_word' id='word_1_182' title='bbox 1771 2912 2029 2994; x_wconf 87' lang='lat' dir='ltr'>sentire,</span> <span class='ocrx_word' id='word_1_183' title='bbox 2078 2913 2206 2996; x_wconf 92' lang='lat' dir='ltr'>qui,</span> <span class='ocrx_word' id='word_1_184' title='bbox 2256 2919 2329 2977; x_wconf 90' lang='lat' dir='ltr'>ut</span> <span class='ocrx_word' id='word_1_185' title='bbox 2358 2915 2467 2978; x_wconf 90' lang='lat' dir='ltr'>uni</span> <span class='ocrx_word' id='word_1_186' title='bbox 2497 2914 2645 2979; x_wconf 87' lang='lat' dir='ltr'>hae-</span> 
     </span>
     <span class='ocr_line' id='line_1_23' title="bbox 392 3016 2645 3104; baseline 0.002 -23"><span class='ocrx_word' id='word_1_187' title='bbox 392 3017 524 3083; x_wconf 90' lang='lat' dir='ltr'>resi</span> <span class='ocrx_word' id='word_1_188' title='bbox 570 3038 725 3082; x_wconf 88' lang='lat' dir='ltr'>suae</span> <span class='ocrx_word' id='word_1_189' title='bbox 771 3018 1014 3082; x_wconf 86' lang='lat' dir='ltr'>aditum</span> <span class='ocrx_word' id='word_1_190' title='bbox 1062 3016 1479 3100; x_wconf 88' lang='lat' dir='ltr'>patefaceret,</span> <span class='ocrx_word' id='word_1_191' title='bbox 1530 3024 1906 3083; x_wconf 88' lang='lat' dir='ltr'>cunctarum</span> <span class='ocrx_word' id='word_1_192' title='bbox 1953 3019 2307 3084; x_wconf 90' lang='lat' dir='ltr'>haereseon</span> <span class='ocrx_word' id='word_1_193' title='bbox 2352 3021 2645 3104; x_wconf 88' lang='lat' dir='ltr'>blasphe-</span> 
     </span>
     <span class='ocr_line' id='line_1_24' title="bbox 394 3122 2643 3212; baseline 0.002 -24"><span class='ocrx_word' id='word_1_194' title='bbox 394 3125 555 3189; x_wconf 90' lang='lat' dir='ltr'>mias</span> <span class='ocrx_word' id='word_1_195' title='bbox 601 3124 1103 3190; x_wconf 80' lang='lat' dir='ltr'>insectabatur?</span> <span class='ocrx_word' id='word_1_196' title='bbox 1181 3122 1315 3188; x_wconf 83' lang='lat' dir='ltr'>Sed</span> <span class='ocrx_word' id='word_1_197' title='bbox 1368 3124 1495 3189; x_wconf 92' lang='lat' dir='ltr'>hoc</span> <span class='ocrx_word' id='word_1_198' title='bbox 1551 3131 1694 3189; x_wconf 88' lang='lat' dir='ltr'>erat</span> <span class='ocrx_word' id='word_1_199' title='bbox 1738 3124 1928 3206; x_wconf 89' lang='lat' dir='ltr'>illud,</span> <span class='ocrx_word' id='word_1_200' title='bbox 1993 3126 2170 3208; x_wconf 90' lang='lat' dir='ltr'>quod</span> <span class='ocrx_word' id='word_1_201' title='bbox 2214 3126 2476 3211; x_wconf 83' lang='lat' dir='ltr'>Moyses</span> <span class='ocrx_word' id='word_1_202' title='bbox 2524 3129 2643 3212; x_wconf 84' lang='lat' dir='ltr'>ait:</span> 
     </span>
     <span class='ocr_line' id='line_1_25' title="bbox 395 3234 2490 3314; baseline 0.001 -18"><span class='ocrx_word' id='word_1_203' title='bbox 395 3241 616 3296; x_wconf 74' lang='lat' dir='ltr'>tentat</span> <span class='ocrx_word' id='word_1_204' title='bbox 646 3253 763 3297; x_wconf 78' lang='lat' dir='ltr'>vos</span> <span class='ocrx_word' id='word_1_205' title='bbox 795 3234 1102 3296; x_wconf 76' lang='lat' dir='ltr'>dominus</span> <span class='ocrx_word' id='word_1_206' title='bbox 1135 3235 1299 3296; x_wconf 76' lang='lat' dir='ltr'>deus</span> <span class='ocrx_word' id='word_1_207' title='bbox 1331 3242 1574 3313; x_wconf 73' lang='lat' dir='ltr'>vester,</span> <span class='ocrx_word' id='word_1_208' title='bbox 1608 3239 1674 3297; x_wconf 76' lang='lat' dir='ltr'>si</span> <span class='ocrx_word' id='word_1_209' title='bbox 1704 3236 2010 3314; x_wconf 72' lang='lat' dir='ltr'>diliyatz’s</span> <span class='ocrx_word' id='word_1_210' title='bbox 2041 3252 2187 3297; x_wconf 82' lang='lat' dir='ltr'>eum</span> <span class='ocrx_word' id='word_1_211' title='bbox 2222 3255 2308 3298; x_wconf 84' lang='lat' dir='ltr'>an</span> <span class='ocrx_word' id='word_1_212' title='bbox 2340 3255 2490 3299; x_wconf 81' lang='lat' dir='ltr'>non.</span> 
     </span>
    </p>

    <p class='ocr_par' dir='ltr' id='par_1_8' title="bbox 396 3337 2720 4049">
     <span class='ocr_line' id='line_1_26' title="bbox 574 3337 2719 3424; baseline 0 -22"><span class='ocrx_word' id='word_1_213' title='bbox 574 3338 666 3402; x_wconf 85' lang='lat' dir='ltr'>Et</span> <span class='ocrx_word' id='word_1_214' title='bbox 711 3342 787 3402; x_wconf 93' lang='lat' dir='ltr'>ut</span> <span class='ocrx_word' id='word_1_215' title='bbox 822 3337 1201 3403; x_wconf 90' lang='lat' dir='ltr'>Nestorium</span> <span class='ocrx_word' id='word_1_216' title='bbox 1248 3344 1710 3421; x_wconf 78' lang='lat' dir='ltr'>pratereamUS,</span> <span class='ocrx_word' id='word_1_217' title='bbox 1759 3340 1827 3403; x_wconf 93' lang='lat' dir='ltr'>in</span> <span class='ocrx_word' id='word_1_218' title='bbox 1874 3361 2001 3422; x_wconf 91' lang='lat' dir='ltr'>quo</span> <span class='ocrx_word' id='word_1_219' title='bbox 2046 3340 2190 3422; x_wconf 92' lang='lat' dir='ltr'>plus</span> <span class='ocrx_word' id='word_1_220' title='bbox 2239 3362 2491 3424; x_wconf 88' lang='lat' dir='ltr'>semper</span> <span class='ocrx_word' id='word_1_221' title='bbox 2536 3341 2645 3406; x_wconf 89' lang='lat' dir='ltr'>ad·</span> <span class='ocrx_word' id='word_1_222' title='bbox 2666 3363 2719 3403; x_wconf 82' lang='lat'>25</span> 
     </span>
     <span class='ocr_line' id='line_1_27' title="bbox 396 3445 2644 3529; baseline 0.001 -20"><span class='ocrx_word' id='word_1_223' title='bbox 396 3445 750 3510; x_wconf 90' lang='lat' dir='ltr'>mirationis</span> <span class='ocrx_word' id='word_1_224' title='bbox 799 3468 989 3529; x_wconf 90' lang='lat' dir='ltr'>quam</span> <span class='ocrx_word' id='word_1_225' title='bbox 1037 3446 1356 3528; x_wconf 81' lang='lat' dir='ltr'>utilitatis,</span> <span class='ocrx_word' id='word_1_226' title='bbox 1402 3446 1544 3529; x_wconf 90' lang='lat' dir='ltr'>plus</span> <span class='ocrx_word' id='word_1_227' title='bbox 1576 3446 1787 3511; x_wconf 88' lang='lat' dir='ltr'>famae</span> <span class='ocrx_word' id='word_1_228' title='bbox 1820 3469 2011 3529; x_wconf 89' lang='lat' dir='ltr'>quam</span> <span class='ocrx_word' id='word_1_229' title='bbox 2046 3448 2473 3528; x_wconf 87' lang='lat' dir='ltr'>experientiae</span> <span class='ocrx_word' id='word_1_230' title='bbox 2506 3448 2644 3527; x_wconf 87' lang='lat' dir='ltr'>fuit,</span> 
     </span>
     <span class='ocr_line' id='line_1_28' title="bbox 398 3553 2647 3639; baseline 0.001 -22"><span class='ocrx_word' id='word_1_231' title='bbox 398 3574 588 3635; x_wconf 91' lang='lat' dir='ltr'>quem</span> <span class='ocrx_word' id='word_1_232' title='bbox 660 3554 962 3636; x_wconf 89' lang='lat' dir='ltr'>opinione</span> <span class='ocrx_word' id='word_1_233' title='bbox 1031 3554 1201 3637; x_wconf 86' lang='lat' dir='ltr'>vulgi</span> <span class='ocrx_word' id='word_1_234' title='bbox 1270 3553 1639 3636; x_wconf 83' lang='lat' dir='ltr'>aliquandiu</span> <span class='ocrx_word' id='word_1_235' title='bbox 1719 3575 2021 3637; x_wconf 86' lang='lat' dir='ltr'>magnum</span> <span class='ocrx_word' id='word_1_236' title='bbox 2097 3554 2377 3619; x_wconf 90' lang='lat' dir='ltr'>humana</span> <span class='ocrx_word' id='word_1_237' title='bbox 2444 3556 2647 3639; x_wconf 87' lang='lat' dir='ltr'>magis</span> 
     </span>
     <span class='ocr_line' id='line_1_29' title="bbox 396 3659 2648 3745; baseline 0.001 -22"><span class='ocrx_word' id='word_1_238' title='bbox 396 3659 642 3724; x_wconf 89' lang='lat' dir='ltr'>fecerat</span> <span class='ocrx_word' id='word_1_239' title='bbox 688 3661 897 3743; x_wconf 90' lang='lat' dir='ltr'>gratia</span> <span class='ocrx_word' id='word_1_240' title='bbox 945 3682 1138 3743; x_wconf 91' lang='lat' dir='ltr'>quam</span> <span class='ocrx_word' id='word_1_241' title='bbox 1185 3660 1414 3741; x_wconf 88' lang='lat' dir='ltr'>divina,</span> <span class='ocrx_word' id='word_1_242' title='bbox 1465 3681 1579 3725; x_wconf 89' lang='lat' dir='ltr'>eos</span> <span class='ocrx_word' id='word_1_243' title='bbox 1624 3662 1844 3742; x_wconf 91' lang='lat' dir='ltr'>potius</span> <span class='ocrx_word' id='word_1_244' title='bbox 1892 3682 2487 3745; x_wconf 80' lang='lat' dir='ltr'>commemoremuS,</span> <span class='ocrx_word' id='word_1_245' title='bbox 2537 3664 2648 3745; x_wconf 91' lang='lat' dir='ltr'>qui</span> 
     </span>
     <span class='ocr_line' id='line_1_30' title="bbox 399 3767 2647 3852; baseline 0.002 -23"><span class='ocrx_word' id='word_1_246' title='bbox 399 3767 614 3831; x_wconf 91' lang='lat' dir='ltr'>multis</span> <span class='ocrx_word' id='word_1_247' title='bbox 679 3767 1076 3851; x_wconf 90' lang='lat' dir='ltr'>profectibus</span> <span class='ocrx_word' id='word_1_248' title='bbox 1140 3768 1470 3850; x_wconf 88' lang='lat' dir='ltr'>multaque</span> <span class='ocrx_word' id='word_1_249' title='bbox 1530 3767 1849 3832; x_wconf 89' lang='lat' dir='ltr'>industria</span> <span class='ocrx_word' id='word_1_250' title='bbox 1894 3768 2171 3851; x_wconf 90' lang='lat' dir='ltr'>praediti</span> <span class='ocrx_word' id='word_1_251' title='bbox 2236 3791 2366 3834; x_wconf 89' lang='lat' dir='ltr'>non</span> <span class='ocrx_word' id='word_1_252' title='bbox 2412 3790 2647 3852; x_wconf 85' lang='lat' dir='ltr'>parvae</span> 
     </span>
     <span class='ocr_line' id='line_1_31' title="bbox 398 3872 2720 3961; baseline 0.002 -24"><span class='ocrx_word' id='word_1_253' title='bbox 398 3874 743 3938; x_wconf 89' lang='lat' dir='ltr'>tentationi</span> <span class='ocrx_word' id='word_1_254' title='bbox 814 3874 1144 3939; x_wconf 89' lang='lat' dir='ltr'>catholicis</span> <span class='ocrx_word' id='word_1_255' title='bbox 1212 3872 1576 3938; x_wconf 91' lang='lat' dir='ltr'>hominibus</span> <span class='ocrx_word' id='word_1_256' title='bbox 1672 3874 2044 3939; x_wconf 87' lang='lat' dir='ltr'>extiterunt.</span> <span class='ocrx_word' id='word_1_257' title='bbox 2205 3875 2408 3944; x_wconf 87' lang='lat' dir='ltr'>Velut</span> <span class='ocrx_word' id='word_1_258' title='bbox 2477 3877 2648 3961; x_wconf 90' lang='lat' dir='ltr'>apud</span> <span class='ocrx_word' id='word_1_259' title='bbox 2668 3902 2720 3941; x_wconf 86' lang='lat'>30</span> 
     </span>
     <span class='ocr_line' id='line_1_32' title="bbox 403 3979 2646 4049; baseline 0.002 -5"><span class='ocrx_word' id='word_1_260' title='bbox 403 3979 776 4046; x_wconf 88' lang='lat' dir='ltr'>Pannonias</span> <span class='ocrx_word' id='word_1_261' title='bbox 846 3982 1163 4047; x_wconf 91' lang='lat' dir='ltr'>maiorum</span> <span class='ocrx_word' id='word_1_262' title='bbox 1226 3981 1538 4046; x_wconf 89' lang='lat' dir='ltr'>memoria</span> <span class='ocrx_word' id='word_1_263' title='bbox 1593 3980 1915 4046; x_wconf 90' lang='lat' dir='ltr'>Photinus</span> <span class='ocrx_word' id='word_1_264' title='bbox 1974 3983 2311 4048; x_wconf 90' lang='lat' dir='ltr'>ecclesiam</span> <span class='ocrx_word' id='word_1_265' title='bbox 2357 3982 2646 4049; x_wconf 83' lang='lat' dir='ltr'>Sirmita-</span> 
     </span>
    </p>
   </div>
   <div class='ocr_carea' id='block_1_3' title="bbox 402 4125 831 4133">
    <p class='ocr_par' dir='ltr' id='par_1_9' title="bbox 402 4125 831 4133">
     <span class='ocr_line' id='line_1_33' title="bbox 402 4125 831 4133; baseline 0 0"><span class='ocrx_word' id='word_1_266' title='bbox 402 4125 831 4133; x_wconf 95' lang='lat' dir='ltr'> </span> 
     </span>
    </p>
   </div>
   <div class='ocr_carea' id='block_1_4' title="bbox 585 4211 2576 4285">
    <p class='ocr_par' dir='ltr' id='par_1_10' title="bbox 585 4211 2576 4285">
     <span class='ocr_line' id='line_1_34' title="bbox 585 4211 2576 4285; baseline 0.003 -20"><span class='ocrx_word' id='word_1_267' title='bbox 585 4214 645 4265; x_wconf 93' lang='lat'>11</span> <span class='ocrx_word' id='word_1_268' title='bbox 689 4211 754 4266; x_wconf 87' lang='lat' dir='ltr'>cf.</span> <span class='ocrx_word' id='word_1_269' title='bbox 781 4212 899 4267; x_wconf 69' lang='lat' dir='ltr'>JeS.</span> <span class='ocrx_word' id='word_1_270' title='bbox 935 4214 1025 4280; x_wconf 89' lang='grc'>40,</span> <span class='ocrx_word' id='word_1_271' title='bbox 1065 4214 1148 4266; x_wconf 95' lang='grc'>11.</span> <span class='ocrx_word' id='word_1_272' title='bbox 1192 4211 1394 4268; x_wconf 85' lang='lat' dir='ltr'>Ezech.</span> <span class='ocrx_word' id='word_1_273' title='bbox 1431 4212 1520 4266; x_wconf 83' lang='lat'>37.</span> <span class='ocrx_word' id='word_1_274' title='bbox 1565 4213 1698 4268; x_wconf 86' lang='lat' dir='ltr'>Joh.</span> <span class='ocrx_word' id='word_1_275' title='bbox 1741 4214 1824 4282; x_wconf 86' lang='lat'>10,</span> <span class='ocrx_word' id='word_1_276' title='bbox 1867 4216 1948 4267; x_wconf 83' lang='lat'>12.</span> <span class='ocrx_word' id='word_1_277' title='bbox 2090 4217 2161 4269; x_wconf 76' lang='lat'>24</span> <span class='ocrx_word' id='word_1_278' title='bbox 2197 4215 2359 4269; x_wconf 88' lang='lat' dir='ltr'>Deut.</span> <span class='ocrx_word' id='word_1_279' title='bbox 2402 4217 2486 4285; x_wconf 86' lang='lat'>13,</span> <span class='ocrx_word' id='word_1_280' title='bbox 2524 4218 2576 4272; x_wconf 84' lang='lat'>3.</span> 
     </span>
    </p>
   </div>
  </div>
 </body>
</html>
