3292 5109
646 586 733 649 42
1344 582 1549 638 XXVI
1584 582 2011 654 (ev-xxm
2047 580 2181 655 (38).

646 752 712 809 si
731 748 919 824 filius
950 765 1090 809 esse
1136 744 1228 808 vis
1276 749 1387 811 dez·
1418 749 1484 809 et
1527 743 1959 810 hereditatem
2004 744 2185 827 regni
2232 743 2526 809 caelestis
2573 744 2893 828 accipere,

646 859 837 917 mitte
868 861 934 917 ce
965 855 1299 934 deorsum,
1329 851 1394 915 id
1428 856 1562 917 est:
1597 872 1677 916 ex
1706 851 1890 916 istius
1922 857 1989 916 te
2021 850 2309 916 sublimis
2353 851 2683 933 ecclesiae,
2726 873 2895 934 quae

647 959 841 1022 etiam
887 964 1200 1040 templum
1247 963 1359 1024 dei
1403 963 1691 1041 putatur,
1750 957 2047 1023 doctrina
2092 962 2159 1022 et
2206 958 2554 1023 traditione
2604 957 2892 1025 demitte.

644 1065 751 1130 Ac
798 1066 852 1129 si
883 1065 1025 1148 quis
1070 1065 1424 1147 interroget
1469 1065 1833 1148 quempiam
1878 1065 2353 1131 haereticorum
2383 1065 2505 1130 sibi
2548 1064 2706 1130 talia
2747 1086 2893 1149 per-

599 1171 1057 1239 5suadentem:
1106 1172 1276 1236 unde
1306 1172 1568 1255 probae,
1615 1172 1786 1236 unde
1834 1170 2050 1253 doceS,
2100 1170 2275 1254 quod
2322 1171 2630 1237 ecclesiae
2677 1172 2898 1237 catho-

640 1280 804 1344 licae
834 1279 1255 1344 universalem
1286 1285 1353 1343 et
1383 1280 1716 1361 antiquam
1745 1278 1940 1343 fidem
1971 1279 2292 1343 dimittere
2327 1275 2629 1361 debeam3
2677 1280 2897 1343 statim

643 1387 774 1451 ille:
824 1394 1147 1468 scriptum
1179 1397 1287 1452 est
1314 1393 1508 1452 enim.
1587 1386 1682 1451 Et
1712 1387 2018 1451 continuo
2064 1385 2236 1451 mille
2280 1386 2673 1468 testimonia,
2721 1386 2895 1450 mille

645 1493 954 1577 exempla,
1003 1493 1173 1557 mille
1219 1493 1641 1558 auctoritates
1686 1498 1893 1576 parat,
1944 1493 2024 1557 de
2071 1491 2274 1575 Lege,
2335 1492 2414 1558 de
2461 1492 2762 1576 PsalmiS,
2812 1493 2897 1558 de

644 1599 1011 1684 ApostOIiS,
1076 1600 1154 1665 de
1201 1600 1580 1683 ProphetiS,
1647 1600 1880 1683 quibus
1927 1622 2094 1664 novo
2144 1606 2211 1665 et
2255 1600 2426 1665 malo
2475 1621 2655 1664 more
2699 1601 2895 1664 inter-

573 1737 626 1774 10
644 1709 919 1791 pretatis
983 1728 1061 1771 ex
1121 1729 1272 1772 arce
1334 1707 1656 1772 catholica
1713 1708 1777 1772 in
1839 1708 2184 1773 haereseos
2244 1707 2621 1773 barathrum
2679 1706 2898 1771 infelix

647 1815 857 1880 anima
886 1815 1370 1898 praecipitetur.
1449 1814 1502 1880 J
1504 1836 1608 1879 am
1640 1836 1791 1880 vero
1823 1814 1968 1897 illis,
2011 1836 2175 1897 quae
2208 1820 2584 1897 sequuntur,
2623 1815 2894 1897 promis-

647 1921 931 1986 sionibus
962 1922 1124 1986 miro
1158 1921 1354 1985 modo
1387 1922 1685 1986 incautos
1716 1922 2006 1986 homines
2043 1922 2353 1986 haeretici
2401 1922 2696 2004 decipere
2743 1942 2895 1986 con·

647 2034 934 2094 suerunt.
1012 2026 1284 2093 Audent
1317 2030 1554 2097 etenim
1585 2029 1878 2111 polliceri
1924 2034 1990 2093 et
2024 2028 2278 2111 docere,
2326 2029 2501 2111 quod
2530 2029 2595 2093 in
2629 2028 2893 2094 ecclesia

649 2158 797 2219 sua,
856 2135 924 2200 id
988 2140 1085 2200 est
1143 2136 1212 2198 in
1280 2136 1745 2200 communionis
1808 2156 1962 2200 suae
2009 2136 2450 2200 conventiculo
2470 2184 2487 2217 ,
2547 2157 2781 2218 magna
2827 2141 2892 2199 et

575 2273 627 2312 15
647 2242 942 2326 specialis
989 2263 1066 2306 ac
1110 2241 1305 2324 plane
1349 2243 1713 2324 personalis
1762 2242 2081 2325 quaedam
2128 2242 2211 2305 sit
2259 2241 2365 2306 dei
2422 2244 2666 2324 gratia,
2728 2242 2896 2308 adeo

645 2355 718 2414 ut
780 2350 914 2414 sine
972 2349 1103 2413 ullo
1151 2348 1408 2431 labore,
1468 2350 1605 2413 sine
1661 2349 1793 2414 ullo
1857 2349 2071 2413 studio
2091 2399 2109 2430 ,
2171 2349 2307 2413 sine
2367 2348 2500 2414 ulla
2556 2349 2892 2432 industria,

647 2456 899 2523 etiamsi
942 2477 1062 2521 nec
1107 2462 1338 2539 petant
1382 2477 1502 2520 nec
1550 2461 1868 2539 quaerant
1897 2477 2019 2520 nec
2049 2456 2326 2538 pulsent,
2376 2456 2764 2539 quicumque
2799 2454 2896 2519 illi

646 2564 731 2630 ad
761 2585 1099 2629 numerum
1131 2585 1316 2628 suum
1344 2562 1692 2646 pertinent,
1725 2568 1944 2626 tamen
1971 2563 2063 2626 ita
2095 2562 2393 2627 divinitus
2418 2562 2889 2645 dispensentur,

645 2678 719 2736 ut
750 2671 1052 2755 angelicis
1107 2672 1311 2735 evecti
1357 2670 1669 2752 manibuS,
1718 2670 1784 2734 id
1826 2675 1924 2735 est
1971 2670 2262 2754 angelica
2306 2671 2714 2754 protectione
2762 2691 2894 2735 ser·

573 2779 800 2862 20vati,
848 2799 1199 2861 numquam
1241 2778 1495 2860 possint
1541 2782 1874 2858 offendere
1931 2781 2024 2843 ad
2065 2781 2353 2860 lapidem
2390 2783 2630 2861 pedem
2678 2797 2898 2859 suum,

643 2887 712 2950 id
759 2890 857 2950 est
902 2907 1250 2968 numquam
1296 2884 1740 2949 scandalizari.

823 2993 1131 3061 XXVII.
1153 2994 1292 3076 (38)
1317 2990 1451 3057 Sed
1469 2991 1625 3056 dicit
1647 2991 1906 3075 aliquis:
1936 2991 1990 3055 si
2013 2990 2238 3055 divinis
2266 2989 2536 3073 eloquiis
2559 2989 2895 3053 sententiis

645 3100 1176 3184 promissionibus
1219 3105 1285 3164 et
1335 3099 1628 3165 diabolus
1680 3105 1747 3163 et
1778 3097 2073 3181 discipuli
2106 3098 2241 3162 eius
2273 3102 2563 3178 utuntur,
2613 3118 2892 3179 quorum

646 3208 754 3272 alii
819 3213 968 3272 sunt
1022 3210 1571 3290 pseudoapostoli
1638 3206 1746 3270 alii
1802 3208 2422 3287 pseudoprophetae
2482 3209 2549 3268 et
2599 3206 2893 3285 pseudo-

575 3339 627 3380 25
647 3322 958 3396 magistri
1011 3319 1078 3378 et
1125 3335 1346 3378 omnes
1394 3335 1474 3378 ex
1518 3317 1663 3378 toto
1710 3312 2041 3394 haeretici,
2104 3311 2259 3393 quid
2302 3310 2541 3375 facient
2589 3309 2895 3374 catholici

644 3424 935 3488 homines
968 3428 1033 3486 et
1063 3422 1288 3485 matris
1322 3421 1629 3486 ecclesiae
1661 3419 1821 3483 filii?
1900 3415 2394 3500 Quonammodo
2444 3418 2509 3481 in
2554 3417 2897 3499 scripturis

645 3530 882 3595 sanctis
929 3528 1264 3593 veritatem
1295 3548 1337 3591 a
1366 3527 1646 3591 falsitate
1691 3525 2106 3591 discernent?
2185 3524 2339 3589 Hoc
2388 3523 2633 3588 scilicet
2677 3522 2896 3588 facere

643 3657 1037 3719 magnopere
1085 3634 1424 3716 curabunt,
1490 3633 1664 3716 quod
1709 3634 1775 3697 in
1820 3632 2131 3715 principio
2183 3631 2656 3696 commonitorii
2701 3630 2893 3694 istius

647 3749 907 3808 sanctos
942 3748 1007 3806 et
1053 3741 1285 3806 doctos
1331 3742 1501 3805 viros
1546 3740 1891 3805 tradidisse
1941 3739 2129 3804 nobis
2177 3738 2568 3821 scripsimuS,
2616 3742 2690 3801 ut
2739 3736 2894 3800 divi-

574 3875 627 3915 30
646 3872 797 3915 num
860 3870 1172 3914 canonem
1218 3847 1572 3914 secundum
1617 3846 1988 3912 universalis
2036 3846 2346 3910 ecclesiae
2393 3844 2780 3910 traditiones
2829 3847 2896 3907 et

825 4101 858 4153 3
888 4100 934 4154 1.
963 4098 1090 4152 Gor.
1116 4100 1167 4165 3,
1207 4099 1290 4151 16.
1313 4098 1397 4150 17.
1543 4100 1576 4150 7
1613 4096 1720 4150 Mt.
1758 4098 1809 4164 4,
1849 4098 1901 4151 6.
2049 4097 2114 4150 17
2154 4094 2221 4149 cf.
2258 4094 2365 4148 Mt.
2406 4096 2455 4162 7,
2497 4096 2546 4149 7.
2692 4095 2761 4146 20
2786 4090 2896 4146 Mt.

645 4191 697 4255 4,
735 4190 786 4242 6.
1020 4190 1087 4241 21
1129 4188 1196 4242 cf.
1233 4187 1400 4241 Rom.
1441 4189 1525 4255 14,
1563 4189 1651 4240 21.
1882 4188 1954 4239 24
1989 4187 2039 4239 2.
2080 4184 2207 4239 Gor.
2249 4187 2333 4251 11,
2376 4186 2458 4238 13.
2534 4186 2585 4239 2.
2621 4182 2713 4238 Pt.
2751 4185 2804 4250 2,
2845 4184 2895 4235 1.
