<?xml version="1.0" encoding="UTF-8"?>
<!DOCTYPE html PUBLIC "-//W3C//DTD XHTML 1.0 Transitional//EN"
    "http://www.w3.org/TR/xhtml1/DTD/xhtml1-transitional.dtd">
<html xmlns="http://www.w3.org/1999/xhtml" xml:lang="en" lang="en">
 <head>
  <title>
</title>
<meta http-equiv="Content-Type" content="text/html;charset=utf-8" />
  <meta name='ocr-system' content='tesseract 3.04.00' />
  <meta name='ocr-capabilities' content='ocr_page ocr_carea ocr_par ocr_line ocrx_word'/>
</head>
<body>
  <div class='ocr_page' id='page_1' title='image "./vincenzvonlerin00jlgoog_0042.png"; bbox 0 0 3292 5109; ppageno 0'>
   <div class='ocr_carea' id='block_1_1' title="bbox 1413 581 2690 653">
    <p class='ocr_par' dir='ltr' id='par_1_1' title="bbox 1413 581 2690 653">
     <span class='ocr_line' id='line_1_1' title="bbox 1413 581 2690 653; baseline 0.002 -15"><span class='ocrx_word' id='word_1_1' title='bbox 1413 581 1528 639; x_wconf 83' lang='lat' dir='ltr'>xv</span> <span class='ocrx_word' id='word_1_2' title='bbox 1565 581 1700 653; x_wconf 78' lang='lat'>(21).</span> <span class='ocrx_word' id='word_1_3' title='bbox 1811 617 1816 624; x_wconf 80' lang='lat'><strong><em>.</em></strong></span> <span class='ocrx_word' id='word_1_4' title='bbox 2596 584 2690 646; x_wconf 77' lang='lat'>23.</span> 
     </span>
    </p>
   </div>
   <div class='ocr_carea' id='block_1_2' title="bbox 336 742 2764 4043">
    <p class='ocr_par' dir='ltr' id='par_1_2' title="bbox 424 742 2734 1686">
     <span class='ocr_line' id='line_1_2' title="bbox 426 742 2680 825; baseline -0.002 -15"><span class='ocrx_word' id='word_1_5' title='bbox 426 751 502 810; x_wconf 90' lang='lat' dir='ltr'>ut</span> <span class='ocrx_word' id='word_1_6' title='bbox 548 742 876 811; x_wconf 81' lang='lat' dir='ltr'><strong>Christum</strong></span> <span class='ocrx_word' id='word_1_7' title='bbox 919 766 1049 810; x_wconf 93' lang='lat' dir='ltr'>non</span> <span class='ocrx_word' id='word_1_8' title='bbox 1094 745 1289 810; x_wconf 89' lang='lat' dir='ltr'>modo</span> <span class='ocrx_word' id='word_1_9' title='bbox 1337 765 1533 807; x_wconf 92' lang='lat' dir='ltr'>unum</span> <span class='ocrx_word' id='word_1_10' title='bbox 1581 742 1699 807; x_wconf 88' lang='lat' dir='ltr'>sed</span> <span class='ocrx_word' id='word_1_11' title='bbox 1745 742 1941 808; x_wconf 85' lang='lat' dir='ltr'>etiam</span> <span class='ocrx_word' id='word_1_12' title='bbox 1987 763 2239 825; x_wconf 91' lang='lat' dir='ltr'>semper</span> <span class='ocrx_word' id='word_1_13' title='bbox 2284 762 2484 805; x_wconf 90' lang='lat' dir='ltr'>unum</span> <span class='ocrx_word' id='word_1_14' title='bbox 2530 762 2680 808; x_wconf 90' lang='lat' dir='ltr'>con-</span> 
     </span>
     <span class='ocr_line' id='line_1_3' title="bbox 426 849 2686 935; baseline -0.002 -19"><span class='ocrx_word' id='word_1_15' title='bbox 426 850 744 934; x_wconf 88' lang='lat' dir='ltr'>fiteamur,</span> <span class='ocrx_word' id='word_1_16' title='bbox 779 852 930 935; x_wconf 88' lang='lat' dir='ltr'>quia</span> <span class='ocrx_word' id='word_1_17' title='bbox 946 851 1352 919; x_wconf 89' lang='lat' dir='ltr'>intoleranda</span> <span class='ocrx_word' id='word_1_18' title='bbox 1373 850 1775 933; x_wconf 87' lang='lat' dir='ltr'>blasphemia</span> <span class='ocrx_word' id='word_1_19' title='bbox 1798 855 1917 932; x_wconf 90' lang='lat' dir='ltr'>est,</span> <span class='ocrx_word' id='word_1_20' title='bbox 1948 855 2043 931; x_wconf 87' lang='lat' dir='ltr'>ut,</span> <span class='ocrx_word' id='word_1_21' title='bbox 2069 849 2323 913; x_wconf 89' lang='lat' dir='ltr'>etiamsi</span> <span class='ocrx_word' id='word_1_22' title='bbox 2345 869 2515 913; x_wconf 88' lang='lat' dir='ltr'>nunc</span> <span class='ocrx_word' id='word_1_23' title='bbox 2540 870 2686 913; x_wconf 88' lang='lat' dir='ltr'>eum</span> 
     </span>
     <span class='ocr_line' id='line_1_4' title="bbox 425 956 2685 1041; baseline -0.002 -17"><span class='ocrx_word' id='word_1_24' title='bbox 425 982 624 1024; x_wconf 89' lang='lat' dir='ltr'>unum</span> <span class='ocrx_word' id='word_1_25' title='bbox 671 980 811 1025; x_wconf 90' lang='lat' dir='ltr'>esse</span> <span class='ocrx_word' id='word_1_26' title='bbox 858 960 1204 1039; x_wconf 89' lang='lat' dir='ltr'>concedas,</span> <span class='ocrx_word' id='word_1_27' title='bbox 1267 957 1614 1041; x_wconf 85' lang='lat' dir='ltr'>aliquando</span> <span class='ocrx_word' id='word_1_28' title='bbox 1653 962 1882 1031; x_wconf 17' lang='lat' dir='ltr'>*tamen</span> <span class='ocrx_word' id='word_1_29' title='bbox 1936 978 2067 1022; x_wconf 93' lang='lat' dir='ltr'>non</span> <span class='ocrx_word' id='word_1_30' title='bbox 2112 978 2312 1021; x_wconf 92' lang='lat' dir='ltr'>unum</span> <span class='ocrx_word' id='word_1_31' title='bbox 2358 956 2474 1021; x_wconf 90' lang='lat' dir='ltr'>sed</span> <span class='ocrx_word' id='word_1_32' title='bbox 2521 956 2685 1021; x_wconf 90' lang='lat' dir='ltr'>duos</span> 
     </span>
     <span class='ocr_line' id='line_1_5' title="bbox 424 1061 2685 1150; baseline -0.002 -20"><span class='ocrx_word' id='word_1_33' title='bbox 424 1066 619 1131; x_wconf 88' lang='lat' dir='ltr'>fuisse</span> <span class='ocrx_word' id='word_1_34' title='bbox 651 1067 1027 1150; x_wconf 82' lang='lat' dir='ltr'>contendas,</span> <span class='ocrx_word' id='word_1_35' title='bbox 1075 1088 1273 1131; x_wconf 90' lang='lat' dir='ltr'>unum</span> <span class='ocrx_word' id='word_1_36' title='bbox 1321 1064 1565 1130; x_wconf 89' lang='lat' dir='ltr'>scilicet</span> <span class='ocrx_word' id='word_1_37' title='bbox 1595 1070 1751 1147; x_wconf 91' lang='lat' dir='ltr'>post</span> <span class='ocrx_word' id='word_1_38' title='bbox 1781 1070 2037 1147; x_wconf 90' lang='lat' dir='ltr'>tempus</span> <span class='ocrx_word' id='word_1_39' title='bbox 2068 1063 2498 1147; x_wconf 82' lang='lat' dir='ltr'>baptismatiS,</span> <span class='ocrx_word' id='word_1_40' title='bbox 2523 1061 2685 1127; x_wconf 89' lang='lat' dir='ltr'>duos</span> 
     </span>
     <span class='ocr_line' id='line_1_6' title="bbox 426 1169 2734 1257; baseline 0 -21"><span class='ocrx_word' id='word_1_41' title='bbox 426 1195 577 1240; x_wconf 87' lang='lat' dir='ltr'>vero</span> <span class='ocrx_word' id='word_1_42' title='bbox 619 1174 745 1239; x_wconf 86' lang='lat' dir='ltr'>sub</span> <span class='ocrx_word' id='word_1_43' title='bbox 794 1180 1088 1257; x_wconf 85' lang='lat' dir='ltr'>tempore</span> <span class='ocrx_word' id='word_1_44' title='bbox 1134 1173 1512 1241; x_wconf 81' lang='lat' dir='ltr'>nativitatis,</span> <span class='ocrx_word' id='word_1_45' title='bbox 1607 1170 1803 1255; x_wconf 78' lang='lat' dir='ltr'>Quod</span> <span class='ocrx_word' id='word_1_46' title='bbox 1846 1169 2224 1236; x_wconf 89' lang='lat' dir='ltr'>immensum</span> <span class='ocrx_word' id='word_1_47' title='bbox 2280 1171 2687 1253; x_wconf 86' lang='lat' dir='ltr'>sacrilegium</span> <span class='ocrx_word' id='word_1_48' title='bbox 2704 1194 2734 1236; x_wconf 82' lang='lat'><strong>5</strong></span> 
     </span>
     <span class='ocr_line' id='line_1_7' title="bbox 425 1277 2688 1362; baseline -0.001 -19"><span class='ocrx_word' id='word_1_49' title='bbox 425 1301 555 1346; x_wconf 93' lang='lat' dir='ltr'>non</span> <span class='ocrx_word' id='word_1_50' title='bbox 601 1280 790 1345; x_wconf 86' lang='lat' dir='ltr'>aliter</span> <span class='ocrx_word' id='word_1_51' title='bbox 833 1279 1131 1362; x_wconf 83' lang='lat' dir='ltr'>profecto</span> <span class='ocrx_word' id='word_1_52' title='bbox 1176 1280 1380 1344; x_wconf 84' lang='lat' dir='ltr'>vitare</span> <span class='ocrx_word' id='word_1_53' title='bbox 1440 1280 1827 1361; x_wconf 81' lang='lat' dir='ltr'>poterimuS,</span> <span class='ocrx_word' id='word_1_54' title='bbox 1894 1279 2018 1342; x_wconf 89' lang='lat' dir='ltr'>nisi</span> <span class='ocrx_word' id='word_1_55' title='bbox 2061 1278 2322 1342; x_wconf 49' lang='lat' dir='ltr'>unitum&gt;</span> <span class='ocrx_word' id='word_1_56' title='bbox 2367 1277 2688 1342; x_wconf 90' lang='lat' dir='ltr'>hominem</span> 
     </span>
     <span class='ocr_line' id='line_1_8' title="bbox 426 1385 2686 1468; baseline -0.002 -17"><span class='ocrx_word' id='word_1_57' title='bbox 426 1387 569 1468; x_wconf 89' lang='lat' dir='ltr'>deo,</span> <span class='ocrx_word' id='word_1_58' title='bbox 620 1386 732 1453; x_wconf 90' lang='lat' dir='ltr'>sed</span> <span class='ocrx_word' id='word_1_59' title='bbox 777 1388 1029 1451; x_wconf 89' lang='lat' dir='ltr'>unitate</span> <span class='ocrx_word' id='word_1_60' title='bbox 1061 1406 1403 1468; x_wconf 83' lang='lat' dir='ltr'>personae,</span> <span class='ocrx_word' id='word_1_61' title='bbox 1450 1407 1582 1451; x_wconf 92' lang='lat' dir='ltr'>non</span> <span class='ocrx_word' id='word_1_62' title='bbox 1615 1385 1697 1451; x_wconf 90' lang='lat' dir='ltr'>ab</span> <span class='ocrx_word' id='word_1_63' title='bbox 1732 1386 2050 1450; x_wconf 81' lang='lat' dir='ltr'>adscensu</span> <span class='ocrx_word' id='word_1_64' title='bbox 2080 1385 2181 1450; x_wconf 86' lang='lat' dir='ltr'>vel</span> <span class='ocrx_word' id='word_1_65' title='bbox 2217 1385 2686 1450; x_wconf 87' lang='lat' dir='ltr'>resurrectione</span> 
     </span>
     <span class='ocr_line' id='line_1_9' title="bbox 424 1491 2686 1578; baseline 0 -22"><span class='ocrx_word' id='word_1_66' title='bbox 424 1493 524 1559; x_wconf 85' lang='lat' dir='ltr'>vel</span> <span class='ocrx_word' id='word_1_67' title='bbox 568 1494 911 1578; x_wconf 87' lang='lat' dir='ltr'>baptismo,</span> <span class='ocrx_word' id='word_1_68' title='bbox 976 1493 1091 1558; x_wconf 91' lang='lat' dir='ltr'>sed</span> <span class='ocrx_word' id='word_1_69' title='bbox 1135 1494 1266 1557; x_wconf 87' lang='lat' dir='ltr'>iam</span> <span class='ocrx_word' id='word_1_70' title='bbox 1312 1493 1376 1557; x_wconf 91' lang='lat' dir='ltr'>in</span> <span class='ocrx_word' id='word_1_71' title='bbox 1423 1498 1653 1573; x_wconf 88' lang='lat' dir='ltr'>matre,</span> <span class='ocrx_word' id='word_1_72' title='bbox 1699 1494 1830 1557; x_wconf 87' lang='lat' dir='ltr'>iam</span> <span class='ocrx_word' id='word_1_73' title='bbox 1875 1492 1942 1557; x_wconf 90' lang='lat' dir='ltr'>in</span> <span class='ocrx_word' id='word_1_74' title='bbox 1987 1497 2194 1574; x_wconf 86' lang='lat' dir='ltr'>utero,</span> <span class='ocrx_word' id='word_1_75' title='bbox 2242 1492 2372 1556; x_wconf 90' lang='lat' dir='ltr'>iam</span> <span class='ocrx_word' id='word_1_76' title='bbox 2412 1491 2686 1575; x_wconf 90' lang='lat' dir='ltr'>denique</span> 
     </span>
     <span class='ocr_line' id='line_1_10' title="bbox 424 1600 2688 1686; baseline -0.002 -19"><span class='ocrx_word' id='word_1_77' title='bbox 424 1604 486 1667; x_wconf 92' lang='lat' dir='ltr'>in</span> <span class='ocrx_word' id='word_1_78' title='bbox 534 1603 677 1686; x_wconf 87' lang='lat' dir='ltr'>ipsa</span> <span class='ocrx_word' id='word_1_79' title='bbox 722 1602 1015 1685; x_wconf 85' lang='lat' dir='ltr'>virginali</span> <span class='ocrx_word' id='word_1_80' title='bbox 1075 1602 1501 1684; x_wconf 77' lang='lat' dir='ltr'>conceptione</span> <span class='ocrx_word' id='word_1_81' title='bbox 1559 1600 1914 1683; x_wconf 79' lang='lat' dir='ltr'>fateamur3</span> <span class='ocrx_word' id='word_1_82' title='bbox 1960 1605 2229 1684; x_wconf 86' lang='lat' dir='ltr'>propter</span> <span class='ocrx_word' id='word_1_83' title='bbox 2290 1620 2483 1682; x_wconf 89' lang='lat' dir='ltr'>quam</span> <span class='ocrx_word' id='word_1_84' title='bbox 2541 1620 2688 1681; x_wconf 84' lang='lat' dir='ltr'>per-</span> 
     </span>
    </p>

    <p class='ocr_par' dir='ltr' id='par_1_3' title="bbox 336 1699 2764 2969">
     <span class='ocr_line' id='line_1_11' title="bbox 336 1699 2760 1790; baseline -0.002 -16"><span class='ocrx_word' id='word_1_85' title='bbox 336 1699 339 1702; x_wconf 55' lang='grc'><strong>’</strong></span> <span class='ocrx_word' id='word_1_86' title='bbox 426 1732 621 1775; x_wconf 90' lang='lat' dir='ltr'>sonae</span> <span class='ocrx_word' id='word_1_87' title='bbox 667 1710 981 1775; x_wconf 88' lang='lat' dir='ltr'>unitatem</span> <span class='ocrx_word' id='word_1_88' title='bbox 1027 1708 1471 1774; x_wconf 86' lang='lat' dir='ltr'>indifferenter</span> <span class='ocrx_word' id='word_1_89' title='bbox 1517 1708 1575 1772; x_wconf 92' lang='lat' dir='ltr'>ei</span> <span class='ocrx_word' id='word_1_90' title='bbox 1621 1713 1818 1790; x_wconf 86' lang='lat' dir='ltr'>atque</span> <span class='ocrx_word' id='word_1_91' title='bbox 1849 1707 2213 1789; x_wconf 90' lang='lat' dir='ltr'>promiscue</span> <span class='ocrx_word' id='word_1_92' title='bbox 2249 1712 2336 1788; x_wconf 91' lang='lat' dir='ltr'>et,</span> <span class='ocrx_word' id='word_1_93' title='bbox 2385 1726 2550 1789; x_wconf 87' lang='lat' dir='ltr'>quae</span> <span class='ocrx_word' id='word_1_94' title='bbox 2582 1705 2688 1771; x_wconf 89' lang='lat' dir='ltr'>dei</span> <span class='ocrx_word' id='word_1_95' title='bbox 2708 1730 2760 1769; x_wconf 87' lang='lat'>10</span> 
     </span>
     <span class='ocr_line' id='line_1_12' title="bbox 424 1812 2679 1900; baseline -0.002 -19"><span class='ocrx_word' id='word_1_96' title='bbox 424 1824 574 1881; x_wconf 92' lang='lat' dir='ltr'>sunt</span> <span class='ocrx_word' id='word_1_97' title='bbox 618 1819 901 1900; x_wconf 88' lang='lat' dir='ltr'>propria,</span> <span class='ocrx_word' id='word_1_98' title='bbox 952 1817 1320 1881; x_wconf 85' lang='lat' dir='ltr'>tribuuntur</span> <span class='ocrx_word' id='word_1_99' title='bbox 1350 1815 1615 1897; x_wconf 89' lang='lat' dir='ltr'>homini,</span> <span class='ocrx_word' id='word_1_100' title='bbox 1665 1821 1751 1896; x_wconf 90' lang='lat' dir='ltr'>et,</span> <span class='ocrx_word' id='word_1_101' title='bbox 1801 1834 1965 1897; x_wconf 91' lang='lat' dir='ltr'>quae</span> <span class='ocrx_word' id='word_1_102' title='bbox 1999 1814 2206 1878; x_wconf 89' lang='lat' dir='ltr'>carnis</span> <span class='ocrx_word' id='word_1_103' title='bbox 2238 1813 2524 1896; x_wconf 88' lang='lat' dir='ltr'>propria,</span> <span class='ocrx_word' id='word_1_104' title='bbox 2572 1812 2679 1876; x_wconf 90' lang='lat' dir='ltr'>ad-</span> 
     </span>
     <span class='ocr_line' id='line_1_13' title="bbox 425 1919 2685 2004; baseline -0.002 -16"><span class='ocrx_word' id='word_1_105' title='bbox 425 1924 795 1988; x_wconf 89' lang='lat' dir='ltr'>scribuntur</span> <span class='ocrx_word' id='word_1_106' title='bbox 840 1923 985 1988; x_wconf 91' lang='lat' dir='ltr'>deo.</span> <span class='ocrx_word' id='word_1_107' title='bbox 1065 1923 1230 1987; x_wconf 90' lang='lat' dir='ltr'>Inde</span> <span class='ocrx_word' id='word_1_108' title='bbox 1277 1933 1377 1986; x_wconf 86' lang='lat' dir='ltr'>est</span> <span class='ocrx_word' id='word_1_109' title='bbox 1425 1922 1610 2002; x_wconf 87' lang='lat' dir='ltr'>enim,</span> <span class='ocrx_word' id='word_1_110' title='bbox 1662 1921 1841 2004; x_wconf 91' lang='lat' dir='ltr'>quod</span> <span class='ocrx_word' id='word_1_111' title='bbox 1888 1920 2188 1985; x_wconf 86' lang='lat' dir='ltr'>divinitus</span> <span class='ocrx_word' id='word_1_112' title='bbox 2221 1919 2532 2002; x_wconf 90' lang='lat' dir='ltr'>scriptum</span> <span class='ocrx_word' id='word_1_113' title='bbox 2564 1924 2685 2001; x_wconf 88' lang='lat' dir='ltr'>est,</span> 
     </span>
     <span class='ocr_line' id='line_1_14' title="bbox 426 2031 2682 2110; baseline -0 -15"><span class='ocrx_word' id='word_1_114' title='bbox 426 2035 492 2095; x_wconf 89' lang='lat' dir='ltr'>et</span> <span class='ocrx_word' id='word_1_115' title='bbox 529 2035 743 2110; x_wconf 75' lang='lat' dir='ltr'>filium</span> <span class='ocrx_word' id='word_1_116' title='bbox 788 2034 1079 2095; x_wconf 73' lang='lat' dir='ltr'>hominis</span> <span class='ocrx_word' id='word_1_117' title='bbox 1125 2033 1553 2094; x_wconf 70' lang='lat' dir='ltr'>descendisse</span> <span class='ocrx_word' id='word_1_118' title='bbox 1597 2033 1681 2093; x_wconf 81' lang='lat' dir='ltr'>de</span> <span class='ocrx_word' id='word_1_119' title='bbox 1712 2033 1898 2093; x_wconf 82' lang='lat' dir='ltr'>caelo</span> <span class='ocrx_word' id='word_1_120' title='bbox 1940 2034 2006 2092; x_wconf 91' lang='lat' dir='ltr'>et</span> <span class='ocrx_word' id='word_1_121' title='bbox 2053 2031 2390 2107; x_wconf 78' lang='lat' dir='ltr'>dominum</span> <span class='ocrx_word' id='word_1_122' title='bbox 2440 2034 2682 2094; x_wconf 65' lang='lat' dir='ltr'>maie-s,-</span> 
     </span>
     <span class='ocr_line' id='line_1_15' title="bbox 427 2133 2689 2217; baseline -0.002 -15"><span class='ocrx_word' id='word_1_123' title='bbox 427 2145 590 2202; x_wconf 75' lang='lat' dir='ltr'>tatis</span> <span class='ocrx_word' id='word_1_124' title='bbox 637 2140 1025 2217; x_wconf 70' lang='lat' dir='ltr'>crucifioeum</span> <span class='ocrx_word' id='word_1_125' title='bbox 1070 2136 1136 2199; x_wconf 92' lang='lat' dir='ltr'>in</span> <span class='ocrx_word' id='word_1_126' title='bbox 1181 2142 1375 2200; x_wconf 88' lang='lat' dir='ltr'>terra.</span> <span class='ocrx_word' id='word_1_127' title='bbox 1467 2135 1630 2199; x_wconf 89' lang='lat' dir='ltr'>Inde</span> <span class='ocrx_word' id='word_1_128' title='bbox 1678 2135 1870 2199; x_wconf 90' lang='lat' dir='ltr'>etiam</span> <span class='ocrx_word' id='word_1_129' title='bbox 1920 2140 2037 2214; x_wconf 84' lang='lat' dir='ltr'>est,</span> <span class='ocrx_word' id='word_1_130' title='bbox 2086 2139 2161 2198; x_wconf 91' lang='lat' dir='ltr'>ut</span> <span class='ocrx_word' id='word_1_131' title='bbox 2207 2155 2400 2198; x_wconf 91' lang='lat' dir='ltr'>carne</span> <span class='ocrx_word' id='word_1_132' title='bbox 2448 2133 2689 2199; x_wconf 90' lang='lat' dir='ltr'>domini</span> 
     </span>
     <span class='ocr_line' id='line_1_16' title="bbox 425 2241 2764 2326; baseline 0 -19"><span class='ocrx_word' id='word_1_133' title='bbox 425 2243 619 2326; x_wconf 86' lang='lat' dir='ltr'>facta,</span> <span class='ocrx_word' id='word_1_134' title='bbox 671 2265 866 2308; x_wconf 87' lang='lat' dir='ltr'>carne</span> <span class='ocrx_word' id='word_1_135' title='bbox 914 2243 1157 2308; x_wconf 90' lang='lat' dir='ltr'>domini</span> <span class='ocrx_word' id='word_1_136' title='bbox 1203 2249 1446 2324; x_wconf 90' lang='lat' dir='ltr'>creata,</span> <span class='ocrx_word' id='word_1_137' title='bbox 1495 2243 1706 2325; x_wconf 91' lang='lat' dir='ltr'>ipsum</span> <span class='ocrx_word' id='word_1_138' title='bbox 1755 2246 2023 2306; x_wconf 77' lang='lat' dir='ltr'>verbum</span> <span class='ocrx_word' id='word_1_139' title='bbox 2075 2241 2178 2305; x_wconf 91' lang='lat' dir='ltr'>dei</span> <span class='ocrx_word' id='word_1_140' title='bbox 2218 2246 2505 2323; x_wconf 82' lang='lat' dir='ltr'>factum,</span> <span class='ocrx_word' id='word_1_141' title='bbox 2549 2242 2690 2324; x_wconf 89' lang='lat' dir='ltr'>ipsa</span> <span class='ocrx_word' id='word_1_142' title='bbox 2708 2259 2764 2308; x_wconf 75' lang='lat'>1⁵,</span> 
     </span>
     <span class='ocr_line' id='line_1_17' title="bbox 425 2349 2688 2435; baseline -0.001 -19"><span class='ocrx_word' id='word_1_143' title='bbox 425 2352 743 2435; x_wconf 82' lang='lat' dir='ltr'>sapientia</span> <span class='ocrx_word' id='word_1_144' title='bbox 790 2351 892 2415; x_wconf 91' lang='lat' dir='ltr'>dei</span> <span class='ocrx_word' id='word_1_145' title='bbox 938 2351 1222 2433; x_wconf 91' lang='lat' dir='ltr'>impleta,</span> <span class='ocrx_word' id='word_1_146' title='bbox 1272 2349 1544 2415; x_wconf 89' lang='lat' dir='ltr'>scientia</span> <span class='ocrx_word' id='word_1_147' title='bbox 1588 2355 1815 2415; x_wconf 86' lang='lat' dir='ltr'>creata</span> <span class='ocrx_word' id='word_1_148' title='bbox 1849 2350 2125 2431; x_wconf 86' lang='lat' dir='ltr'>dicatur,</span> <span class='ocrx_word' id='word_1_149' title='bbox 2175 2350 2347 2414; x_wconf 91' lang='lat' dir='ltr'>sicut</span> <span class='ocrx_word' id='word_1_150' title='bbox 2393 2349 2460 2412; x_wconf 92' lang='lat' dir='ltr'>in</span> <span class='ocrx_word' id='word_1_151' title='bbox 2505 2369 2688 2430; x_wconf 85' lang='lat' dir='ltr'>prae-</span> 
     </span>
     <span class='ocr_line' id='line_1_18' title="bbox 425 2456 2685 2541; baseline -0.001 -19"><span class='ocrx_word' id='word_1_152' title='bbox 425 2459 692 2524; x_wconf 88' lang='lat' dir='ltr'>scientia</span> <span class='ocrx_word' id='word_1_153' title='bbox 715 2479 954 2523; x_wconf 73' lang='lat' dir='ltr'>manus</span> <span class='ocrx_word' id='word_1_154' title='bbox 976 2458 1176 2541; x_wconf 91' lang='lat' dir='ltr'>ipsius</span> <span class='ocrx_word' id='word_1_155' title='bbox 1202 2467 1275 2522; x_wconf 84' lang='lat' dir='ltr'>et</span> <span class='ocrx_word' id='word_1_156' title='bbox 1288 2461 1501 2539; x_wconf 74' lang='lat' dir='ltr'>pedes</span> <span class='ocrx_word' id='word_1_157' title='bbox 1524 2461 1708 2537; x_wconf 69' lang='lat' dir='ltr'>fossi</span> <span class='ocrx_word' id='word_1_158' title='bbox 1739 2476 1879 2521; x_wconf 91' lang='lat' dir='ltr'>esse</span> <span class='ocrx_word' id='word_1_159' title='bbox 1911 2456 2297 2521; x_wconf 84' lang='lat' dir='ltr'>referuntur.</span> <span class='ocrx_word' id='word_1_160' title='bbox 2346 2456 2476 2520; x_wconf 91' lang='lat' dir='ltr'>Per</span> <span class='ocrx_word' id='word_1_161' title='bbox 2499 2456 2685 2535; x_wconf 91' lang='lat' dir='ltr'>hanc,</span> 
     </span>
     <span class='ocr_line' id='line_1_19' title="bbox 424 2562 2691 2649; baseline -0.001 -20"><span class='ocrx_word' id='word_1_162' title='bbox 424 2566 680 2649; x_wconf 89' lang='lat' dir='ltr'>inquam</span> <span class='ocrx_word' id='word_1_163' title='bbox 701 2616 717 2645; x_wconf 92' lang='lat'>,</span> <span class='ocrx_word' id='word_1_164' title='bbox 795 2586 1109 2647; x_wconf 86' lang='lat' dir='ltr'>personae</span> <span class='ocrx_word' id='word_1_165' title='bbox 1184 2565 1502 2628; x_wconf 86' lang='lat' dir='ltr'>unitatem</span> <span class='ocrx_word' id='word_1_166' title='bbox 1569 2562 1730 2628; x_wconf 91' lang='lat' dir='ltr'>illud</span> <span class='ocrx_word' id='word_1_167' title='bbox 1800 2585 2056 2647; x_wconf 90' lang='lat' dir='ltr'>quoque</span> <span class='ocrx_word' id='word_1_168' title='bbox 2122 2564 2341 2627; x_wconf 90' lang='lat' dir='ltr'>similis</span> <span class='ocrx_word' id='word_1_169' title='bbox 2405 2564 2691 2647; x_wconf 83' lang='lat' dir='ltr'>mysterii</span> 
     </span>
     <span class='ocr_line' id='line_1_20' title="bbox 425 2671 2688 2756; baseline -0.001 -19"><span class='ocrx_word' id='word_1_170' title='bbox 425 2675 678 2738; x_wconf 88' lang='lat' dir='ltr'>ratione</span> <span class='ocrx_word' id='word_1_171' title='bbox 724 2673 1082 2756; x_wconf 85' lang='lat' dir='ltr'>perfectum</span> <span class='ocrx_word' id='word_1_172' title='bbox 1128 2677 1247 2754; x_wconf 90' lang='lat' dir='ltr'>est,</span> <span class='ocrx_word' id='word_1_173' title='bbox 1296 2677 1393 2752; x_wconf 92' lang='lat' dir='ltr'>ut,</span> <span class='ocrx_word' id='word_1_174' title='bbox 1441 2691 1636 2735; x_wconf 89' lang='lat' dir='ltr'>carne</span> <span class='ocrx_word' id='word_1_175' title='bbox 1660 2671 1839 2736; x_wconf 84' lang='lat' dir='ltr'>verbi</span> <span class='ocrx_word' id='word_1_176' title='bbox 1885 2691 1965 2734; x_wconf 87' lang='lat' dir='ltr'>ex</span> <span class='ocrx_word' id='word_1_177' title='bbox 2007 2672 2260 2754; x_wconf 85' lang='lat' dir='ltr'>integra</span> <span class='ocrx_word' id='word_1_178' title='bbox 2303 2677 2510 2736; x_wconf 86' lang='lat' dir='ltr'>matre</span> <span class='ocrx_word' id='word_1_179' title='bbox 2543 2692 2688 2735; x_wconf 89' lang='lat' dir='ltr'>nas-</span> 
     </span>
     <span class='ocr_line' id='line_1_21' title="bbox 429 2778 2760 2862; baseline -0.001 -17"><span class='ocrx_word' id='word_1_180' title='bbox 429 2785 638 2861; x_wconf 86' lang='lat' dir='ltr'>cente,</span> <span class='ocrx_word' id='word_1_181' title='bbox 684 2781 825 2862; x_wconf 87' lang='lat' dir='ltr'>ipse</span> <span class='ocrx_word' id='word_1_182' title='bbox 872 2778 1032 2843; x_wconf 90' lang='lat' dir='ltr'>deus</span> <span class='ocrx_word' id='word_1_183' title='bbox 1058 2778 1326 2843; x_wconf 87' lang='lat' dir='ltr'>verbum</span> <span class='ocrx_word' id='word_1_184' title='bbox 1370 2784 1564 2842; x_wconf 88' lang='lat' dir='ltr'>natus</span> <span class='ocrx_word' id='word_1_185' title='bbox 1611 2800 1692 2842; x_wconf 88' lang='lat' dir='ltr'>ex</span> <span class='ocrx_word' id='word_1_186' title='bbox 1719 2778 1958 2861; x_wconf 85' lang='lat' dir='ltr'>virgine</span> <span class='ocrx_word' id='word_1_187' title='bbox 2006 2778 2502 2843; x_wconf 86' lang='lat' dir='ltr'>catholicissime</span> <span class='ocrx_word' id='word_1_188' title='bbox 2551 2799 2685 2842; x_wconf 89' lang='lat' dir='ltr'>cre·</span> <span class='ocrx_word' id='word_1_189' title='bbox 2706 2804 2760 2843; x_wconf 80' lang='lat'>20</span> 
     </span>
     <span class='ocr_line' id='line_1_22' title="bbox 430 2886 1482 2969; baseline -0.002 -18"><span class='ocrx_word' id='word_1_190' title='bbox 430 2887 640 2965; x_wconf 86' lang='lat' dir='ltr'>datur,</span> <span class='ocrx_word' id='word_1_191' title='bbox 688 2886 1060 2969; x_wconf 88' lang='lat' dir='ltr'>impiissime</span> <span class='ocrx_word' id='word_1_192' title='bbox 1109 2886 1482 2968; x_wconf 87' lang='lat' dir='ltr'>denegetur.</span> 
     </span>
    </p>

    <p class='ocr_par' dir='ltr' id='par_1_4' title="bbox 429 2991 2760 4043">
     <span class='ocr_line' id='line_1_23' title="bbox 609 2991 2687 3077; baseline -0 -19"><span class='ocrx_word' id='word_1_193' title='bbox 609 2992 793 3077; x_wconf 79' lang='lat' dir='ltr'>Quae</span> <span class='ocrx_word' id='word_1_194' title='bbox 841 3015 988 3058; x_wconf 91' lang='lat' dir='ltr'>cum</span> <span class='ocrx_word' id='word_1_195' title='bbox 1030 2994 1127 3057; x_wconf 86' lang='lat' dir='ltr'>ita</span> <span class='ocrx_word' id='word_1_196' title='bbox 1172 2993 1322 3075; x_wconf 86' lang='lat' dir='ltr'>sint,</span> <span class='ocrx_word' id='word_1_197' title='bbox 1371 2991 1558 3074; x_wconf 89' lang='lat' dir='ltr'>absit,</span> <span class='ocrx_word' id='word_1_198' title='bbox 1608 2998 1685 3057; x_wconf 91' lang='lat' dir='ltr'>ut</span> <span class='ocrx_word' id='word_1_199' title='bbox 1716 2993 2059 3077; x_wconf 89' lang='lat' dir='ltr'>quisquam</span> <span class='ocrx_word' id='word_1_200' title='bbox 2092 2998 2383 3058; x_wconf 89' lang='lat' dir='ltr'>sanctam</span> <span class='ocrx_word' id='word_1_201' title='bbox 2406 2992 2687 3057; x_wconf 88' lang='lat' dir='ltr'>Mariam</span> 
     </span>
     <span class='ocr_line' id='line_1_24' title="bbox 431 3099 2686 3184; baseline 0 -19"><span class='ocrx_word' id='word_1_202' title='bbox 431 3101 680 3165; x_wconf 86' lang='lat' dir='ltr'>divinae</span> <span class='ocrx_word' id='word_1_203' title='bbox 729 3101 976 3184; x_wconf 87' lang='lat' dir='ltr'>gratiae</span> <span class='ocrx_word' id='word_1_204' title='bbox 1020 3099 1367 3183; x_wconf 85' lang='lat' dir='ltr'>privilegiis</span> <span class='ocrx_word' id='word_1_205' title='bbox 1415 3107 1481 3166; x_wconf 89' lang='lat' dir='ltr'>et</span> <span class='ocrx_word' id='word_1_206' title='bbox 1511 3100 1788 3183; x_wconf 64' lang='lat' dir='ltr'>&#39;speciali</span> <span class='ocrx_word' id='word_1_207' title='bbox 1820 3101 2027 3183; x_wconf 86' lang='lat' dir='ltr'>gloria</span> <span class='ocrx_word' id='word_1_208' title='bbox 2057 3100 2360 3166; x_wconf 86' lang='lat' dir='ltr'>fraudare</span> <span class='ocrx_word' id='word_1_209' title='bbox 2395 3107 2686 3166; x_wconf 90' lang='lat' dir='ltr'>conetur.</span> 
     </span>
     <span class='ocr_line' id='line_1_25' title="bbox 429 3208 2687 3292; baseline 0 -20"><span class='ocrx_word' id='word_1_210' title='bbox 429 3209 555 3273; x_wconf 82' lang='lat' dir='ltr'>Est</span> <span class='ocrx_word' id='word_1_211' title='bbox 601 3208 769 3273; x_wconf 92' lang='lat' dir='ltr'>enim</span> <span class='ocrx_word' id='word_1_212' title='bbox 817 3208 1122 3292; x_wconf 86' lang='lat' dir='ltr'>singulari</span> <span class='ocrx_word' id='word_1_213' title='bbox 1166 3208 1451 3291; x_wconf 90' lang='lat' dir='ltr'>quodam</span> <span class='ocrx_word' id='word_1_214' title='bbox 1499 3209 1739 3273; x_wconf 93' lang='lat' dir='ltr'>domini</span> <span class='ocrx_word' id='word_1_215' title='bbox 1783 3230 1859 3273; x_wconf 91' lang='lat' dir='ltr'>ac</span> <span class='ocrx_word' id='word_1_216' title='bbox 1907 3208 2010 3274; x_wconf 90' lang='lat' dir='ltr'>dei</span> <span class='ocrx_word' id='word_1_217' title='bbox 2062 3210 2272 3273; x_wconf 91' lang='lat' dir='ltr'>nostri</span> <span class='ocrx_word' id='word_1_218' title='bbox 2316 3208 2427 3273; x_wconf 88' lang='lat' dir='ltr'>filii</span> <span class='ocrx_word' id='word_1_219' title='bbox 2473 3215 2687 3273; x_wconf 86' lang='lat' dir='ltr'>autem</span> 
     </span>
     <span class='ocr_line' id='line_1_26' title="bbox 432 3314 2760 3398; baseline 0.001 -19"><span class='ocrx_word' id='word_1_220' title='bbox 432 3317 530 3380; x_wconf 91' lang='lat' dir='ltr'>sui</span> <span class='ocrx_word' id='word_1_221' title='bbox 573 3336 838 3380; x_wconf 93' lang='lat' dir='ltr'>munere</span> <span class='ocrx_word' id='word_1_222' title='bbox 868 3315 1192 3381; x_wconf 85' lang='lat' dir='ltr'>verissime</span> <span class='ocrx_word' id='word_1_223' title='bbox 1234 3336 1312 3381; x_wconf 91' lang='lat' dir='ltr'>ac</span> <span class='ocrx_word' id='word_1_224' title='bbox 1356 3314 1725 3381; x_wconf 84' lang='lat' dir='ltr'>beatissime</span> <span class='ocrx_word' id='word_1_225' title='bbox 1771 3316 2116 3382; x_wconf 90' lang='lat' dir='ltr'>theotocos</span> <span class='ocrx_word' id='word_1_226' title='bbox 2149 3315 2537 3398; x_wconf 89' lang='lat' dir='ltr'>confitenda,</span> <span class='ocrx_word' id='word_1_227' title='bbox 2572 3315 2688 3382; x_wconf 91' lang='lat' dir='ltr'>sed</span> <span class='ocrx_word' id='word_1_228' title='bbox 2706 3342 2760 3382; x_wconf 84' lang='lat'>25</span> 
     </span>
     <span class='ocr_line' id='line_1_27' title="bbox 431 3423 2688 3508; baseline 0.001 -22"><span class='ocrx_word' id='word_1_229' title='bbox 431 3444 561 3488; x_wconf 84' lang='lat' dir='ltr'>non</span> <span class='ocrx_word' id='word_1_230' title='bbox 609 3444 686 3487; x_wconf 92' lang='lat' dir='ltr'>eo</span> <span class='ocrx_word' id='word_1_231' title='bbox 732 3424 926 3488; x_wconf 92' lang='lat' dir='ltr'>modo</span> <span class='ocrx_word' id='word_1_232' title='bbox 976 3423 1339 3500; x_wconf 79' lang='lat' dir='ltr'>theotocoS,</span> <span class='ocrx_word' id='word_1_233' title='bbox 1389 3445 1516 3506; x_wconf 88' lang='lat' dir='ltr'>quo</span> <span class='ocrx_word' id='word_1_234' title='bbox 1562 3424 1763 3507; x_wconf 90' lang='lat' dir='ltr'>impia</span> <span class='ocrx_word' id='word_1_235' title='bbox 1809 3424 2127 3506; x_wconf 88' lang='lat' dir='ltr'>quaedam</span> <span class='ocrx_word' id='word_1_236' title='bbox 2166 3424 2451 3489; x_wconf 87' lang='lat' dir='ltr'>haeresis</span> <span class='ocrx_word' id='word_1_237' title='bbox 2483 3425 2688 3508; x_wconf 91' lang='lat' dir='ltr'>suspi-</span> 
     </span>
     <span class='ocr_line' id='line_1_28' title="bbox 434 3529 2687 3614; baseline 0 -20"><span class='ocrx_word' id='word_1_238' title='bbox 434 3535 636 3612; x_wconf 87' lang='lat' dir='ltr'>catur,</span> <span class='ocrx_word' id='word_1_239' title='bbox 686 3551 851 3613; x_wconf 87' lang='lat' dir='ltr'>quae</span> <span class='ocrx_word' id='word_1_240' title='bbox 900 3529 1147 3595; x_wconf 89' lang='lat' dir='ltr'>adserit</span> <span class='ocrx_word' id='word_1_241' title='bbox 1193 3551 1336 3595; x_wconf 89' lang='lat' dir='ltr'>eam</span> <span class='ocrx_word' id='word_1_242' title='bbox 1384 3530 1487 3595; x_wconf 92' lang='lat' dir='ltr'>dei</span> <span class='ocrx_word' id='word_1_243' title='bbox 1517 3537 1794 3596; x_wconf 89' lang='lat' dir='ltr'>matrem</span> <span class='ocrx_word' id='word_1_244' title='bbox 1825 3530 1963 3597; x_wconf 89' lang='lat' dir='ltr'>sola</span> <span class='ocrx_word' id='word_1_245' title='bbox 1994 3531 2425 3614; x_wconf 88' lang='lat' dir='ltr'>appellatione</span> <span class='ocrx_word' id='word_1_246' title='bbox 2475 3531 2687 3597; x_wconf 91' lang='lat' dir='ltr'>dicen-</span> 
     </span>
     <span class='ocr_line' id='line_1_29' title="bbox 434 3636 2688 3723; baseline 0.001 -23"><span class='ocrx_word' id='word_1_247' title='bbox 434 3636 600 3718; x_wconf 88' lang='lat' dir='ltr'>dam,</span> <span class='ocrx_word' id='word_1_248' title='bbox 651 3657 817 3719; x_wconf 90' lang='lat' dir='ltr'>quae</span> <span class='ocrx_word' id='word_1_249' title='bbox 865 3658 1012 3701; x_wconf 92' lang='lat' dir='ltr'>eum</span> <span class='ocrx_word' id='word_1_250' title='bbox 1043 3636 1286 3701; x_wconf 89' lang='lat' dir='ltr'>scilicet</span> <span class='ocrx_word' id='word_1_251' title='bbox 1316 3638 1641 3720; x_wconf 91' lang='lat' dir='ltr'>pepererit</span> <span class='ocrx_word' id='word_1_252' title='bbox 1681 3637 2025 3719; x_wconf 92' lang='lat' dir='ltr'>hominem,</span> <span class='ocrx_word' id='word_1_253' title='bbox 2076 3640 2187 3721; x_wconf 87' lang='lat' dir='ltr'>qui</span> <span class='ocrx_word' id='word_1_254' title='bbox 2217 3644 2447 3723; x_wconf 88' lang='lat' dir='ltr'>postea</span> <span class='ocrx_word' id='word_1_255' title='bbox 2476 3638 2688 3705; x_wconf 87' lang='lat' dir='ltr'>factus</span> 
     </span>
     <span class='ocr_line' id='line_1_30' title="bbox 435 3743 2687 3828; baseline 0.001 -22"><span class='ocrx_word' id='word_1_256' title='bbox 435 3748 533 3807; x_wconf 90' lang='lat' dir='ltr'>est</span> <span class='ocrx_word' id='word_1_257' title='bbox 565 3743 744 3822; x_wconf 77' lang='lat' dir='ltr'>deuS‚</span> <span class='ocrx_word' id='word_1_258' title='bbox 781 3744 952 3808; x_wconf 89' lang='lat' dir='ltr'>sicut</span> <span class='ocrx_word' id='word_1_259' title='bbox 981 3743 1249 3808; x_wconf 90' lang='lat' dir='ltr'>dicimus</span> <span class='ocrx_word' id='word_1_260' title='bbox 1281 3744 1638 3828; x_wconf 80' lang='lat' dir='ltr'>presbyteri</span> <span class='ocrx_word' id='word_1_261' title='bbox 1661 3749 1936 3810; x_wconf 86' lang='lat' dir='ltr'>matrem</span> <span class='ocrx_word' id='word_1_262' title='bbox 1962 3751 2077 3809; x_wconf 89' lang='lat' dir='ltr'>aut</span> <span class='ocrx_word' id='word_1_263' title='bbox 2101 3747 2385 3828; x_wconf 85' lang='lat' dir='ltr'>episcopi</span> <span class='ocrx_word' id='word_1_264' title='bbox 2413 3752 2687 3810; x_wconf 87' lang='lat' dir='ltr'>matrem</span> 
     </span>
     <span class='ocr_line' id='line_1_31' title="bbox 434 3850 2759 3936; baseline 0.001 -23"><span class='ocrx_word' id='word_1_265' title='bbox 434 3871 562 3914; x_wconf 93' lang='lat' dir='ltr'>non</span> <span class='ocrx_word' id='word_1_266' title='bbox 607 3850 737 3915; x_wconf 90' lang='lat' dir='ltr'>iam</span> <span class='ocrx_word' id='word_1_267' title='bbox 781 3850 1230 3935; x_wconf 84' lang='lat' dir='ltr'>presbyterum</span> <span class='ocrx_word' id='word_1_268' title='bbox 1276 3856 1394 3915; x_wconf 90' lang='lat' dir='ltr'>aut</span> <span class='ocrx_word' id='word_1_269' title='bbox 1424 3851 1798 3935; x_wconf 89' lang='lat' dir='ltr'>episcopum</span> <span class='ocrx_word' id='word_1_270' title='bbox 1828 3852 2141 3935; x_wconf 89' lang='lat' dir='ltr'>pariendo</span> <span class='ocrx_word' id='word_1_271' title='bbox 2175 3854 2290 3917; x_wconf 91' lang='lat' dir='ltr'>sed</span> <span class='ocrx_word' id='word_1_272' title='bbox 2322 3875 2466 3918; x_wconf 90' lang='lat' dir='ltr'>eum</span> <span class='ocrx_word' id='word_1_273' title='bbox 2499 3874 2685 3936; x_wconf 86' lang='lat' dir='ltr'>gene-</span> <span class='ocrx_word' id='word_1_274' title='bbox 2707 3876 2759 3915; x_wconf 76' lang='lat' dir='ltr'>so</span> 
     </span>
     <span class='ocr_line' id='line_1_32' title="bbox 434 3957 2687 4043; baseline 0.002 -23"><span class='ocrx_word' id='word_1_275' title='bbox 434 3957 640 4022; x_wconf 88' lang='lat' dir='ltr'>rando</span> <span class='ocrx_word' id='word_1_276' title='bbox 686 3958 1040 4041; x_wconf 89' lang='lat' dir='ltr'>hominem,</span> <span class='ocrx_word' id='word_1_277' title='bbox 1103 3959 1216 4041; x_wconf 90' lang='lat' dir='ltr'>qui</span> <span class='ocrx_word' id='word_1_278' title='bbox 1257 3963 1491 4041; x_wconf 87' lang='lat' dir='ltr'>postea</span> <span class='ocrx_word' id='word_1_279' title='bbox 1547 3957 1885 4042; x_wconf 84' lang='lat' dir='ltr'>presbyter</span> <span class='ocrx_word' id='word_1_280' title='bbox 1929 3959 2030 4024; x_wconf 84' lang='lat' dir='ltr'>vel</span> <span class='ocrx_word' id='word_1_281' title='bbox 2092 3960 2429 4043; x_wconf 83' lang='lat' dir='ltr'>episcopus</span> <span class='ocrx_word' id='word_1_282' title='bbox 2474 3958 2687 4024; x_wconf 87' lang='lat' dir='ltr'>factus</span> 
     </span>
    </p>
   </div>
   <div class='ocr_carea' id='block_1_3' title="bbox 435 4116 2684 4259">
    <p class='ocr_par' dir='ltr' id='par_1_5' title="bbox 435 4116 2684 4259">
     <span class='ocr_line' id='line_1_33' title="bbox 615 4116 2684 4186; baseline 0.001 -16"><span class='ocrx_word' id='word_1_283' title='bbox 615 4119 682 4171; x_wconf 89' lang='lat'>13</span> <span class='ocrx_word' id='word_1_284' title='bbox 708 4116 841 4171; x_wconf 87' lang='lat' dir='ltr'>Joh.</span> <span class='ocrx_word' id='word_1_285' title='bbox 869 4120 920 4186; x_wconf 84' lang='lat'>3,</span> <span class='ocrx_word' id='word_1_286' title='bbox 950 4120 1033 4171; x_wconf 86' lang='lat'>13.</span> <span class='ocrx_word' id='word_1_287' title='bbox 1207 4120 1272 4171; x_wconf 84' lang='lat'>13</span> <span class='ocrx_word' id='word_1_288' title='bbox 1302 4119 1349 4170; x_wconf 93' lang='lat'>1.</span> <span class='ocrx_word' id='word_1_289' title='bbox 1378 4117 1504 4172; x_wconf 82' lang='lat' dir='ltr'>Cor.</span> <span class='ocrx_word' id='word_1_290' title='bbox 1533 4121 1581 4185; x_wconf 81' lang='lat'>2,</span> <span class='ocrx_word' id='word_1_291' title='bbox 1610 4121 1660 4171; x_wconf 85' lang='lat'>8.</span> <span class='ocrx_word' id='word_1_292' title='bbox 1832 4119 1900 4171; x_wconf 83' lang='lat'>15</span> <span class='ocrx_word' id='word_1_293' title='bbox 1925 4118 2057 4173; x_wconf 86' lang='lat' dir='ltr'>Joh.</span> <span class='ocrx_word' id='word_1_294' title='bbox 2088 4120 2139 4184; x_wconf 91' lang='lat'>1,</span> <span class='ocrx_word' id='word_1_295' title='bbox 2168 4120 2249 4172; x_wconf 91' lang='lat'>14.</span> <span class='ocrx_word' id='word_1_296' title='bbox 2427 4120 2493 4171; x_wconf 88' lang='lat'>16</span> <span class='ocrx_word' id='word_1_297' title='bbox 2517 4117 2684 4172; x_wconf 88' lang='lat' dir='ltr'>Prov.</span> 
     </span>
     <span class='ocr_line' id='line_1_34' title="bbox 435 4188 1542 4259; baseline 0.001 -18"><span class='ocrx_word' id='word_1_298' title='bbox 435 4190 485 4255; x_wconf 90' lang='lat'>8,</span> <span class='ocrx_word' id='word_1_299' title='bbox 513 4190 767 4242; x_wconf 74' lang='lat'>22-25?</span> <span class='ocrx_word' id='word_1_300' title='bbox 984 4191 1049 4243; x_wconf 88' lang='grc'>17</span> <span class='ocrx_word' id='word_1_301' title='bbox 1076 4188 1169 4242; x_wconf 81' lang='lat' dir='ltr'>Ps.</span> <span class='ocrx_word' id='word_1_302' title='bbox 1196 4191 1265 4243; x_wconf 78' lang='lat'>21</span> <span class='ocrx_word' id='word_1_303' title='bbox 1296 4188 1429 4259; x_wconf 77' lang='lat'>(22),</span> <span class='ocrx_word' id='word_1_304' title='bbox 1459 4191 1542 4243; x_wconf 84' lang='lat'>17.</span> 
     </span>
    </p>
   </div>
  </div>
 </body>
</html>
