3292 5109
679 599 763 660 14
1679 595 1737 650 X
1776 595 1906 663 (15).

672 756 1024 838 magisterii
1090 755 1476 821 documento
1552 756 2074 821 satisfaciendum
2138 762 2256 821 est.
2349 755 2713 821 Audiamus
2761 777 2914 839 ergo

673 868 967 927 sanctum
1013 862 1309 947 Moysen,
1359 869 1425 929 et
1469 863 1604 948 ipse
1652 885 1773 928 nos
1820 864 2075 945 doceat,
2125 884 2242 928 cur
2286 863 2463 928 docti
2508 864 2625 928 viri
2671 870 2755 945 et,
2806 865 2917 946 qui

671 975 939 1052 propter
985 970 1290 1035 scientiae
1337 972 1612 1053 gratiam
1659 971 1741 1036 ab
1788 971 2086 1053 apostolo
2127 971 2323 1035 etiam
2352 970 2711 1054 prophetae
2757 992 2915 1035 nun-

673 1083 1026 1159 cupantur,
1095 1077 1389 1159 proferre
1456 1078 1783 1142 interdum
1849 1078 2309 1159 permittantur
2374 1098 2540 1142 nova
2585 1078 2912 1161 dogmata,

624 1205 837 1266 squae
883 1184 1096 1251 Vetus
1145 1184 1632 1250 Testamentum
1689 1184 2040 1266 allegorico
2100 1205 2393 1249 sermone
2448 1188 2609 1249 deos
2654 1190 2914 1249 alienos

670 1290 994 1373 appellare
1041 1292 1390 1374 consuevit,
1440 1313 1516 1356 eo
1566 1292 1741 1375 quod
1787 1291 2032 1355 scilicet
2074 1292 2170 1356 ita
2214 1291 2295 1357 ab
2351 1291 2689 1355 haereticis
2741 1292 2911 1374 ipso-

667 1420 811 1461 rum
858 1398 1212 1480 opinioneS,
1262 1399 1429 1464 sicut
1475 1420 1515 1463 a
1560 1399 1904 1481 gentilibus
1938 1398 2025 1463 dii
2058 1398 2175 1480 sui,
2226 1398 2667 1463 observentur.
2742 1396 2913 1463 Scri-

666 1505 762 1569 bit
822 1527 976 1588 ergo
1039 1506 1104 1569 in
1162 1506 1671 1571 Deuteronomio
1729 1504 1957 1570 beatus
2017 1505 2310 1589 Moyses:
2379 1512 2444 1570 si
2503 1512 2910 1587 snrreoeerit,

665 1613 895 1696 inquit,
943 1620 1014 1678 in
1060 1617 1280 1679 medio
1327 1620 1428 1678 tui
1447 1616 1802 1696 propheta,
1849 1623 1968 1678 aut
1996 1620 2146 1694 quis
2192 1619 2521 1677 somnium
2555 1616 2807 1678 vidisse
2837 1635 2912 1678 se

596 1747 649 1785 ιο
668 1723 871 1801 dieat,
922 1759 1006 1768 —-
1053 1721 1120 1785 id
1167 1725 1299 1785 est:
1347 1721 1656 1802 magister
1698 1720 1766 1783 in
1797 1719 2069 1784 ecclesia
2099 1720 2513 1800 constitutus,
2563 1740 2753 1801 quem
2785 1719 2911 1784 dis-

666 1828 860 1909 cipuli
905 1828 1004 1893 vel
1071 1828 1397 1895 auditores
1456 1829 1555 1892 sui
1603 1850 1682 1892 ex
1741 1828 1955 1911 aliqua
1999 1828 2390 1892 revelatione
2456 1827 2688 1891 docere
2743 1825 2910 1891 arbi-

666 1942 918 2001 trentur
949 1975 1033 1985 —
1074 1936 1229 2020 quid
1262 1937 1570 2001 deinde?:
1621 1947 1692 2002 et
1729 1941 2179 2019 praedaverit,
2226 1937 2455 2019 inquit,
2503 1944 2767 2016 sianum
2815 1947 2910 2002 at-

666 2064 790 2124 que
813 2054 1219 2126 portentum,
1255 2054 1325 2109 et
1351 2051 1668 2126 evenerit,
1715 2047 1892 2124 quod
1917 2049 2176 2108 loeutus
2203 2053 2324 2125 est,
2351 2079 2439 2090 —
2462 2064 2730 2126 magnus
2760 2064 2908 2125 pro-

668 2149 843 2215 fecto
913 2152 1131 2215 nescio
1202 2151 1343 2233 quis
1400 2149 1795 2232 significatur
1848 2152 2153 2233 magister
2201 2156 2266 2215 et
2312 2156 2535 2216 tantae
2582 2152 2907 2235 scientiae,

591 2281 644 2320 15
681 2259 790 2341 qui
820 2258 1246 2323 sectatoribus
1277 2258 1556 2341 propriis
1587 2279 1718 2322 non
1742 2258 1970 2340 solum,
2004 2280 2169 2341 quae
2191 2258 2473 2323 humana
2494 2263 2661 2339 sunt,
2695 2280 2907 2341 nosse,

663 2389 880 2431 verum
929 2367 1142 2447 etiam,
1192 2387 1356 2448 quae
1405 2387 1598 2448 supra
1644 2365 1966 2429 hominem
2016 2371 2186 2448 sunt,
2234 2387 2661 2448 praenoscere
2716 2387 2905 2448 posse

662 2474 974 2555 videatur,
1025 2472 1245 2556 quales
1276 2472 1410 2537 fere
1444 2472 1737 2554 discipuli
1771 2472 1869 2535 sui
1905 2472 2206 2537 iactitant
2236 2472 2431 2536 fuisse
2462 2472 2903 2554 Valentinum,

662 2581 1016 2662 Donatum,
1066 2580 1451 2662 Photinum,
1499 2579 1945 2663 Apollinarem
2007 2587 2387 2663 ceterosque
2436 2581 2751 2645 eiusmodi
2818 2619 2906 2627 —

664 2688 819 2772 quid
865 2688 1169 2772 posteaP:
1234 2698 1303 2752 et
1346 2690 1623 2769 dia-erit,
1668 2687 1899 2770 inquit,
1949 2692 2113 2752 tibi:
2160 2709 2391 2752 eamus
2437 2698 2505 2752 et
2548 2709 2907 2769 sequamur

589 2822 644 2861 20
664 2802 824 2861 deos
872 2801 1154 2877 alienos,
1201 2816 1364 2888 quos
1411 2801 1710 2876 zonaras,
1761 2805 1828 2859 et
1872 2803 2244 2860 serviamus
2292 2802 2414 2875 eis,
2463 2832 2551 2841 —-
2599 2796 2709 2877 qui
2756 2803 2906 2859 sunt

663 2908 762 2968 dii
808 2909 1049 2986 alieni,
1116 2904 1240 2967 nisi
1302 2923 1552 2967 errores
1601 2903 1935 2967 extranei?
2006 2924 2169 2984 quos
2217 2907 2615 2986 iynorabas,
2660 2904 2728 2967 id
2775 2910 2901 2969 est:

662 3011 808 3074 novi
880 3015 945 3074 et
991 3011 1298 3092 inauditi,
1370 3021 1439 3075 et
1479 3018 1854 3076 serviamus
1900 3019 2035 3093 eis,
2092 3011 2161 3074 id
2207 3016 2337 3076 est:
2407 3012 2742 3076 credamus
2791 3013 2903 3094 eiS,

662 3139 1006 3200 sequamur
1053 3139 1161 3182 eos
1208 3156 1296 3164 —
1344 3118 1498 3201 quid
1559 3119 1644 3182 ad
1707 3123 2060 3182 extremum
2080 3117 2141 3182 ?:
2192 3139 2323 3183 non
2370 3122 2629 3200 audies,
2673 3119 2902 3201 inquit,

661 3229 861 3290 verba
896 3230 1268 3308 prophetae
1307 3230 1495 3290 illius
1541 3236 1661 3290 aut
1689 3232 2144 3290 somniatoris.
2237 3225 2329 3289 Et
2375 3246 2596 3308 quare,
2647 3247 2763 3290 oro
2812 3231 2899 3306 te,

587 3356 700 3403 253·
745 3334 867 3398 deo
913 3354 1039 3397 non
1087 3332 1464 3416 prohibetur
1509 3332 1750 3412 doceri,
1801 3332 1976 3415 quod
2015 3353 2055 3396 a
2087 3333 2208 3396 deo
2241 3332 2622 3415 prohibetur
2653 3330 2902 3399 audiri?

669 3443 859 3522 Quia,
903 3440 1131 3523 inquit,
1182 3449 1396 3505 tentat
1434 3461 1550 3504 vos
1584 3443 1890 3503 dominus
1921 3442 2086 3503 deus
2117 3449 2358 3519 vester,
2393 3449 2470 3503 at
2505 3444 2732 3521 palam
2757 3443 2902 3521 fiat,

661 3558 880 3613 utrum
915 3550 1225 3627 diliqatis
1257 3567 1402 3611 eum
1436 3568 1523 3611 an
1571 3567 1703 3611 non
1750 3553 1821 3610 in
1854 3555 1991 3610 toto
2039 3549 2240 3610 eorde
2286 3556 2351 3610 ec
2397 3553 2467 3609 in
2500 3556 2641 3610 tota
2672 3552 2899 3610 anima

658 3666 901 3720 vestra.
995 3653 1172 3718 Luce
1221 3653 1453 3717 clarius
1501 3660 1731 3735 aperta
1777 3673 1973 3716 causa
2019 3657 2137 3734 est,
2187 3673 2301 3715 cur
2329 3652 2656 3716 interdum
2690 3652 2900 3716 divina

657 3761 1064 3845 providentia
1109 3759 1426 3843 quosdam
1471 3759 1885 3824 ecclesiarum
1953 3759 2291 3842 magistros
2351 3779 2521 3823 nova
2580 3758 2898 3841 quaedam

586 3870 963 3953 sodogmata
1008 3869 1383 3952 praedicare
1428 3868 1744 3951 patiatur:
1793 3873 1867 3931 ut
1901 3877 2110 3932 tentet
2139 3887 2254 3931 vos
2300 3869 2630 3948 dominus,
2666 3865 2894 3948 inquit,

658 3982 822 4043 dens
890 3986 1128 4042 vester.
1221 3975 1314 4038 Et
1381 3973 1674 4056 profecto
1745 3995 1977 4056 magna
2045 3973 2321 4037 tentatio
2371 3979 2505 4055 est,
2576 3994 2723 4036 cum
2767 3972 2896 4053 ille,

834 4210 867 4263 5
907 4227 952 4263 e.
990 4227 1042 4279 g.
1080 4208 1242 4262 Deut.
1284 4209 1368 4274 13,
1406 4209 1457 4261 2.
1674 4210 1708 4261 8
1743 4206 1905 4260 Deut.
1934 4207 2019 4273 13,
2048 4206 2204 4258 1—3.
2443 4205 2514 4257 30
2537 4204 2700 4258 Deut.
2730 4204 2814 4271 13,
2843 4204 2895 4255 3.
