<?xml version="1.0" encoding="UTF-8"?>
<!DOCTYPE html PUBLIC "-//W3C//DTD XHTML 1.0 Transitional//EN"
    "http://www.w3.org/TR/xhtml1/DTD/xhtml1-transitional.dtd">
<html xmlns="http://www.w3.org/1999/xhtml" xml:lang="en" lang="en">
 <head>
  <title>
</title>
<meta http-equiv="Content-Type" content="text/html;charset=utf-8" />
  <meta name='ocr-system' content='tesseract 3.04.00' />
  <meta name='ocr-capabilities' content='ocr_page ocr_carea ocr_par ocr_line ocrx_word'/>
</head>
<body>
  <div class='ocr_page' id='page_1' title='image "./vincenzvonlerin00jlgoog_0028.png"; bbox 0 0 3292 5109; ppageno 0'>
   <div class='ocr_carea' id='block_1_1' title="bbox 1233 558 2650 629">
    <p class='ocr_par' dir='ltr' id='par_1_1' title="bbox 1233 558 2650 629">
     <span class='ocr_line' id='line_1_1' title="bbox 1233 558 2650 629; baseline 0.006 -14"><span class='ocrx_word' id='word_1_1' title='bbox 1233 559 1322 615; x_wconf 87' lang='lat' dir='ltr'>VI</span> <span class='ocrx_word' id='word_1_2' title='bbox 1359 558 1669 629; x_wconf 89' lang='lat' dir='ltr'>(10)—VII</span> <span class='ocrx_word' id='word_1_3' title='bbox 1706 558 1839 629; x_wconf 86' lang='lat'>(11).</span> <span class='ocrx_word' id='word_1_4' title='bbox 2614 562 2650 623; x_wconf 84' lang='lat'>9</span> 
     </span>
    </p>
   </div>
   <div class='ocr_carea' id='block_1_2' title="bbox 407 714 2734 4021">
    <p class='ocr_par' dir='ltr' id='par_1_2' title="bbox 407 714 2701 1322">
     <span class='ocr_line' id='line_1_2' title="bbox 408 714 2655 803; baseline -0.001 -17"><span class='ocrx_word' id='word_1_5' title='bbox 408 727 537 803; x_wconf 89' lang='lat' dir='ltr'>tur,</span> <span class='ocrx_word' id='word_1_6' title='bbox 583 718 706 785; x_wconf 85' lang='lat' dir='ltr'>nisi</span> <span class='ocrx_word' id='word_1_7' title='bbox 752 721 893 786; x_wconf 90' lang='lat' dir='ltr'>sola</span> <span class='ocrx_word' id='word_1_8' title='bbox 937 721 1106 785; x_wconf 89' lang='lat' dir='ltr'>tanti</span> <span class='ocrx_word' id='word_1_9' title='bbox 1151 720 1489 785; x_wconf 82' lang='lat' dir='ltr'>moliminis</span> <span class='ocrx_word' id='word_1_10' title='bbox 1524 714 1752 802; x_wconf 86' lang='lat' dir='ltr'>causa,</span> <span class='ocrx_word' id='word_1_11' title='bbox 1800 720 1942 803; x_wconf 88' lang='lat' dir='ltr'>ipsa</span> <span class='ocrx_word' id='word_1_12' title='bbox 1985 718 2098 784; x_wconf 85' lang='lat' dir='ltr'>ina</span> <span class='ocrx_word' id='word_1_13' title='bbox 2144 725 2466 802; x_wconf 87' lang='lat' dir='ltr'>suscepta,</span> <span class='ocrx_word' id='word_1_14' title='bbox 2511 719 2655 803; x_wconf 89' lang='lat' dir='ltr'>ipsa</span> 
     </span>
     <span class='ocr_line' id='line_1_3' title="bbox 407 825 2655 911; baseline -0 -18"><span class='ocrx_word' id='word_1_15' title='bbox 407 828 694 910; x_wconf 88' lang='lat' dir='ltr'>defensa,</span> <span class='ocrx_word' id='word_1_16' title='bbox 756 828 898 911; x_wconf 88' lang='lat' dir='ltr'>ipsa</span> <span class='ocrx_word' id='word_1_17' title='bbox 942 828 1210 893; x_wconf 91' lang='lat' dir='ltr'>laudata</span> <span class='ocrx_word' id='word_1_18' title='bbox 1253 828 1557 893; x_wconf 86' lang='lat' dir='ltr'>novitatis</span> <span class='ocrx_word' id='word_1_19' title='bbox 1603 828 1921 910; x_wconf 82' lang='lat' dir='ltr'>professio</span> <span class='ocrx_word' id='word_1_20' title='bbox 1970 826 2389 891; x_wconf 74' lang='lat' dir='ltr'>destituisset.</span> <span class='ocrx_word' id='word_1_21' title='bbox 2483 825 2655 910; x_wconf 79' lang='lat' dir='ltr'>Quid</span> 
     </span>
     <span class='ocr_line' id='line_1_4' title="bbox 407 932 2654 1020; baseline -0.002 -20"><span class='ocrx_word' id='word_1_22' title='bbox 407 941 739 1018; x_wconf 91' lang='lat' dir='ltr'>postremo</span> <span class='ocrx_word' id='word_1_23' title='bbox 793 936 996 1020; x_wconf 90' lang='lat' dir='ltr'>ipsius</span> <span class='ocrx_word' id='word_1_24' title='bbox 1050 934 1348 999; x_wconf 84' lang='lat' dir='ltr'>Africani</span> <span class='ocrx_word' id='word_1_25' title='bbox 1408 935 1663 999; x_wconf 88' lang='lat' dir='ltr'>concilii</span> <span class='ocrx_word' id='word_1_26' title='bbox 1721 935 1851 999; x_wconf 85' lang='lat' dir='ltr'>sive</span> <span class='ocrx_word' id='word_1_27' title='bbox 1913 933 2161 1000; x_wconf 84' lang='lat' dir='ltr'>decreti</span> <span class='ocrx_word' id='word_1_28' title='bbox 2212 954 2378 1017; x_wconf 90' lang='lat' dir='ltr'>quae</span> <span class='ocrx_word' id='word_1_29' title='bbox 2442 932 2654 998; x_wconf 74' lang='lat' dir='ltr'>vires?</span> 
     </span>
     <span class='ocr_line' id='line_1_5' title="bbox 408 1040 2657 1127; baseline -0.001 -21"><span class='ocrx_word' id='word_1_30' title='bbox 408 1041 719 1107; x_wconf 88' lang='lat' dir='ltr'>Donante</span> <span class='ocrx_word' id='word_1_31' title='bbox 780 1042 902 1107; x_wconf 88' lang='lat' dir='ltr'>deo</span> <span class='ocrx_word' id='word_1_32' title='bbox 961 1042 1206 1122; x_wconf 89' lang='lat' dir='ltr'>nullae,</span> <span class='ocrx_word' id='word_1_33' title='bbox 1270 1041 1385 1107; x_wconf 92' lang='lat' dir='ltr'>sed</span> <span class='ocrx_word' id='word_1_34' title='bbox 1443 1042 1744 1106; x_wconf 87' lang='lat' dir='ltr'>universa</span> <span class='ocrx_word' id='word_1_35' title='bbox 1800 1046 2135 1124; x_wconf 86' lang='lat' dir='ltr'>tamquam</span> <span class='ocrx_word' id='word_1_36' title='bbox 2180 1040 2446 1123; x_wconf 89' lang='lat' dir='ltr'>somnia,</span> <span class='ocrx_word' id='word_1_37' title='bbox 2495 1046 2657 1127; x_wconf 89' lang='lat' dir='ltr'>tam-</span> 
     </span>
     <span class='ocr_line' id='line_1_6' title="bbox 412 1147 2701 1233; baseline -0.002 -20"><span class='ocrx_word' id='word_1_38' title='bbox 412 1171 604 1232; x_wconf 86' lang='lat' dir='ltr'>quam</span> <span class='ocrx_word' id='word_1_39' title='bbox 649 1149 906 1215; x_wconf 86' lang='lat' dir='ltr'>fabulae</span> <span class='ocrx_word' id='word_1_40' title='bbox 925 1198 943 1232; x_wconf 91' lang='lat'><em>‚</em></span> <span class='ocrx_word' id='word_1_41' title='bbox 1006 1154 1338 1232; x_wconf 89' lang='lat' dir='ltr'>tamquam</span> <span class='ocrx_word' id='word_1_42' title='bbox 1384 1147 1744 1233; x_wconf 87' lang='lat' dir='ltr'>superflua,</span> <span class='ocrx_word' id='word_1_43' title='bbox 1809 1148 2054 1213; x_wconf 90' lang='lat' dir='ltr'>abolita</span> <span class='ocrx_word' id='word_1_44' title='bbox 2119 1150 2460 1231; x_wconf 90' lang='lat' dir='ltr'>antiquata</span> <span class='ocrx_word' id='word_1_45' title='bbox 2527 1147 2653 1212; x_wconf 89' lang='lat' dir='ltr'>cal·</span> <span class='ocrx_word' id='word_1_46' title='bbox 2675 1168 2701 1208; x_wconf 85' lang='lat'>5</span> 
     </span>
     <span class='ocr_line' id='line_1_7' title="bbox 408 1261 777 1322; baseline -0.005 0"><span class='ocrx_word' id='word_1_47' title='bbox 408 1262 559 1322; x_wconf 91' lang='lat' dir='ltr'>cata</span> <span class='ocrx_word' id='word_1_48' title='bbox 605 1261 777 1321; x_wconf 87' lang='lat' dir='ltr'>sunt.</span> 
     </span>
    </p>

    <p class='ocr_par' dir='ltr' id='par_1_3' title="bbox 407 1363 2731 2501">
     <span class='ocr_line' id='line_1_8' title="bbox 587 1363 2657 1448; baseline -0 -20"><span class='ocrx_word' id='word_1_49' title='bbox 587 1365 729 1448; x_wconf 90' lang='lat'>(11)</span> <span class='ocrx_word' id='word_1_50' title='bbox 761 1364 856 1427; x_wconf 86' lang='lat' dir='ltr'>Et</span> <span class='ocrx_word' id='word_1_51' title='bbox 889 1385 926 1428; x_wconf 96' lang='lat' dir='ltr'>o</span> <span class='ocrx_word' id='word_1_52' title='bbox 958 1384 1174 1428; x_wconf 91' lang='lat' dir='ltr'>rerum</span> <span class='ocrx_word' id='word_1_53' title='bbox 1204 1364 1367 1428; x_wconf 89' lang='lat' dir='ltr'>mira</span> <span class='ocrx_word' id='word_1_54' title='bbox 1397 1364 1765 1430; x_wconf 84' lang='lat' dir='ltr'>conversio!</span> <span class='ocrx_word' id='word_1_55' title='bbox 1838 1363 2170 1429; x_wconf 89' lang='lat' dir='ltr'>Auctores</span> <span class='ocrx_word' id='word_1_56' title='bbox 2202 1363 2488 1429; x_wconf 91' lang='lat' dir='ltr'>eiusdem</span> <span class='ocrx_word' id='word_1_57' title='bbox 2522 1363 2657 1447; x_wconf 90' lang='lat' dir='ltr'>opi-</span> 
     </span>
     <span class='ocr_line' id='line_1_9' title="bbox 412 1470 2654 1552; baseline 0 -16"><span class='ocrx_word' id='word_1_58' title='bbox 412 1472 623 1536; x_wconf 89' lang='lat' dir='ltr'>nionis</span> <span class='ocrx_word' id='word_1_59' title='bbox 696 1470 1030 1551; x_wconf 80' lang='lat' dir='ltr'>catholici,</span> <span class='ocrx_word' id='word_1_60' title='bbox 1107 1476 1588 1536; x_wconf 89' lang='lat' dir='ltr'>consectatores</span> <span class='ocrx_word' id='word_1_61' title='bbox 1664 1492 1814 1537; x_wconf 86' lang='lat' dir='ltr'>vero</span> <span class='ocrx_word' id='word_1_62' title='bbox 1881 1470 2191 1536; x_wconf 88' lang='lat' dir='ltr'>haeretici</span> <span class='ocrx_word' id='word_1_63' title='bbox 2251 1471 2654 1552; x_wconf 82' lang='lat' dir='ltr'>iudicantur3</span> 
     </span>
     <span class='ocr_line' id='line_1_10' title="bbox 409 1578 2657 1662; baseline 0 -19"><span class='ocrx_word' id='word_1_64' title='bbox 409 1578 830 1644; x_wconf 82' lang='lat' dir='ltr'>absolvuntur</span> <span class='ocrx_word' id='word_1_65' title='bbox 884 1580 1193 1662; x_wconf 86' lang='lat' dir='ltr'>magistri,</span> <span class='ocrx_word' id='word_1_66' title='bbox 1253 1579 1766 1645; x_wconf 83' lang='lat' dir='ltr'>condemnantur</span> <span class='ocrx_word' id='word_1_67' title='bbox 1812 1580 2128 1662; x_wconf 87' lang='lat' dir='ltr'>discipuli,</span> <span class='ocrx_word' id='word_1_68' title='bbox 2186 1579 2657 1662; x_wconf 88' lang='lat' dir='ltr'>conscriptores</span> 
     </span>
     <span class='ocr_line' id='line_1_11' title="bbox 407 1685 2731 1769; baseline 0.003 -20"><span class='ocrx_word' id='word_1_69' title='bbox 407 1685 719 1750; x_wconf 88' lang='lat' dir='ltr'>librorum</span> <span class='ocrx_word' id='word_1_70' title='bbox 762 1685 875 1750; x_wconf 91' lang='lat' dir='ltr'>filii</span> <span class='ocrx_word' id='word_1_71' title='bbox 919 1686 1102 1769; x_wconf 86' lang='lat' dir='ltr'>regni</span> <span class='ocrx_word' id='word_1_72' title='bbox 1147 1693 1356 1768; x_wconf 87' lang='lat' dir='ltr'>erunt,</span> <span class='ocrx_word' id='word_1_73' title='bbox 1405 1687 1775 1752; x_wconf 88' lang='lat' dir='ltr'>adsertores</span> <span class='ocrx_word' id='word_1_74' title='bbox 1820 1708 1971 1751; x_wconf 89' lang='lat' dir='ltr'>vero</span> <span class='ocrx_word' id='word_1_75' title='bbox 2014 1686 2305 1769; x_wconf 87' lang='lat' dir='ltr'>gehenna</span> <span class='ocrx_word' id='word_1_76' title='bbox 2336 1686 2655 1769; x_wconf 90' lang='lat' dir='ltr'>suscipiet.</span> <span class='ocrx_word' id='word_1_77' title='bbox 2678 1715 2731 1756; x_wconf 87' lang='lat'>10</span> 
     </span>
     <span class='ocr_line' id='line_1_12' title="bbox 410 1791 2659 1876; baseline -0 -19"><span class='ocrx_word' id='word_1_78' title='bbox 410 1791 583 1857; x_wconf 89' lang='lat' dir='ltr'>Nam</span> <span class='ocrx_word' id='word_1_79' title='bbox 629 1793 770 1875; x_wconf 91' lang='lat' dir='ltr'>quis</span> <span class='ocrx_word' id='word_1_80' title='bbox 813 1793 918 1858; x_wconf 87' lang='lat' dir='ltr'>ille</span> <span class='ocrx_word' id='word_1_81' title='bbox 961 1799 1098 1858; x_wconf 88' lang='lat' dir='ltr'>tam</span> <span class='ocrx_word' id='word_1_82' title='bbox 1142 1794 1405 1858; x_wconf 88' lang='lat' dir='ltr'>demens</span> <span class='ocrx_word' id='word_1_83' title='bbox 1446 1798 1564 1873; x_wconf 89' lang='lat' dir='ltr'>est,</span> <span class='ocrx_word' id='word_1_84' title='bbox 1616 1794 1728 1876; x_wconf 90' lang='lat' dir='ltr'>qui</span> <span class='ocrx_word' id='word_1_85' title='bbox 1755 1791 1915 1857; x_wconf 92' lang='lat' dir='ltr'>illud</span> <span class='ocrx_word' id='word_1_86' title='bbox 1960 1798 2330 1858; x_wconf 90' lang='lat' dir='ltr'>sanctorum</span> <span class='ocrx_word' id='word_1_87' title='bbox 2377 1793 2659 1858; x_wconf 89' lang='lat' dir='ltr'>omnium</span> 
     </span>
     <span class='ocr_line' id='line_1_13' title="bbox 412 1897 2656 1984; baseline 0 -21"><span class='ocrx_word' id='word_1_88' title='bbox 412 1905 476 1963; x_wconf 92' lang='lat' dir='ltr'>et</span> <span class='ocrx_word' id='word_1_89' title='bbox 509 1900 963 1982; x_wconf 91' lang='lat' dir='ltr'>episcoporum</span> <span class='ocrx_word' id='word_1_90' title='bbox 1001 1905 1066 1964; x_wconf 92' lang='lat' dir='ltr'>et</span> <span class='ocrx_word' id='word_1_91' title='bbox 1112 1906 1467 1983; x_wconf 86' lang='lat' dir='ltr'>martyrum</span> <span class='ocrx_word' id='word_1_92' title='bbox 1496 1900 1732 1982; x_wconf 90' lang='lat' dir='ltr'>lumen,</span> <span class='ocrx_word' id='word_1_93' title='bbox 1778 1899 2217 1965; x_wconf 87' lang='lat' dir='ltr'>beatissimum</span> <span class='ocrx_word' id='word_1_94' title='bbox 2248 1897 2656 1984; x_wconf 81' lang='lat' dir='ltr'>Cyprianum,</span> 
     </span>
     <span class='ocr_line' id='line_1_14' title="bbox 416 2006 2655 2090; baseline 0.001 -21"><span class='ocrx_word' id='word_1_95' title='bbox 416 2027 563 2069; x_wconf 92' lang='lat' dir='ltr'>cum</span> <span class='ocrx_word' id='word_1_96' title='bbox 623 2007 854 2071; x_wconf 90' lang='lat' dir='ltr'>ceteris</span> <span class='ocrx_word' id='word_1_97' title='bbox 911 2006 1171 2089; x_wconf 87' lang='lat' dir='ltr'>collegis</span> <span class='ocrx_word' id='word_1_98' title='bbox 1229 2007 1360 2071; x_wconf 89' lang='lat' dir='ltr'>suis</span> <span class='ocrx_word' id='word_1_99' title='bbox 1418 2008 1486 2071; x_wconf 92' lang='lat' dir='ltr'>in</span> <span class='ocrx_word' id='word_1_100' title='bbox 1540 2011 1874 2072; x_wconf 87' lang='lat' dir='ltr'>aeternum</span> <span class='ocrx_word' id='word_1_101' title='bbox 1934 2006 2183 2072; x_wconf 90' lang='lat' dir='ltr'>dubitet</span> <span class='ocrx_word' id='word_1_102' title='bbox 2236 2013 2655 2090; x_wconf 87' lang='lat' dir='ltr'>regnaturum</span> 
     </span>
     <span class='ocr_line' id='line_1_15' title="bbox 414 2111 2660 2197; baseline -0 -20"><span class='ocrx_word' id='word_1_103' title='bbox 414 2133 553 2177; x_wconf 90' lang='lat' dir='ltr'>esse</span> <span class='ocrx_word' id='word_1_104' title='bbox 619 2134 765 2176; x_wconf 91' lang='lat' dir='ltr'>cum</span> <span class='ocrx_word' id='word_1_105' title='bbox 824 2111 1132 2178; x_wconf 74' lang='lat' dir='ltr'>Christo?</span> <span class='ocrx_word' id='word_1_106' title='bbox 1223 2112 1367 2177; x_wconf 89' lang='lat' dir='ltr'>Aut</span> <span class='ocrx_word' id='word_1_107' title='bbox 1428 2114 1569 2196; x_wconf 91' lang='lat' dir='ltr'>quis</span> <span class='ocrx_word' id='word_1_108' title='bbox 1628 2120 1766 2177; x_wconf 92' lang='lat' dir='ltr'>tam</span> <span class='ocrx_word' id='word_1_109' title='bbox 1821 2119 2051 2178; x_wconf 90' lang='lat' dir='ltr'>contra</span> <span class='ocrx_word' id='word_1_110' title='bbox 2113 2114 2491 2197; x_wconf 88' lang='lat' dir='ltr'>sacrilegus,</span> <span class='ocrx_word' id='word_1_111' title='bbox 2550 2113 2660 2195; x_wconf 92' lang='lat' dir='ltr'>qui</span> 
     </span>
     <span class='ocr_line' id='line_1_16' title="bbox 416 2218 2729 2303; baseline 0.002 -21"><span class='ocrx_word' id='word_1_112' title='bbox 416 2218 799 2284; x_wconf 88' lang='lat' dir='ltr'>Donatistas</span> <span class='ocrx_word' id='word_1_113' title='bbox 845 2224 913 2284; x_wconf 91' lang='lat' dir='ltr'>et</span> <span class='ocrx_word' id='word_1_114' title='bbox 962 2225 1210 2285; x_wconf 87' lang='lat' dir='ltr'>ceteras</span> <span class='ocrx_word' id='word_1_115' title='bbox 1250 2225 1484 2303; x_wconf 77' lang='lat' dir='ltr'>pesteS,</span> <span class='ocrx_word' id='word_1_116' title='bbox 1545 2241 1712 2303; x_wconf 87' lang='lat' dir='ltr'>quae</span> <span class='ocrx_word' id='word_1_117' title='bbox 1757 2220 1923 2286; x_wconf 92' lang='lat' dir='ltr'>illius</span> <span class='ocrx_word' id='word_1_118' title='bbox 1970 2221 2360 2285; x_wconf 88' lang='lat' dir='ltr'>auctoritate</span> <span class='ocrx_word' id='word_1_119' title='bbox 2408 2220 2660 2285; x_wconf 90' lang='lat' dir='ltr'>concilii</span> <span class='ocrx_word' id='word_1_120' title='bbox 2677 2245 2729 2286; x_wconf 88' lang='lat'>15</span> 
     </span>
     <span class='ocr_line' id='line_1_17' title="bbox 411 2326 2658 2412; baseline 0 -21"><span class='ocrx_word' id='word_1_121' title='bbox 411 2326 813 2409; x_wconf 88' lang='lat' dir='ltr'>rebaptizare</span> <span class='ocrx_word' id='word_1_122' title='bbox 863 2348 930 2391; x_wconf 90' lang='lat' dir='ltr'>se</span> <span class='ocrx_word' id='word_1_123' title='bbox 975 2327 1294 2410; x_wconf 85' lang='lat' dir='ltr'>iactitant,</span> <span class='ocrx_word' id='word_1_124' title='bbox 1356 2328 1422 2392; x_wconf 89' lang='lat' dir='ltr'>in</span> <span class='ocrx_word' id='word_1_125' title='bbox 1463 2327 1926 2409; x_wconf 89' lang='lat' dir='ltr'>sempiternum</span> <span class='ocrx_word' id='word_1_126' title='bbox 1970 2333 2166 2412; x_wconf 87' lang='lat' dir='ltr'>neget</span> <span class='ocrx_word' id='word_1_127' title='bbox 2212 2348 2471 2393; x_wconf 90' lang='lat' dir='ltr'>arsuros</span> <span class='ocrx_word' id='word_1_128' title='bbox 2520 2348 2658 2393; x_wconf 92' lang='lat' dir='ltr'>esse</span> 
     </span>
     <span class='ocr_line' id='line_1_18' title="bbox 418 2435 922 2501; baseline -0.002 -1"><span class='ocrx_word' id='word_1_129' title='bbox 418 2456 564 2500; x_wconf 90' lang='lat' dir='ltr'>cum</span> <span class='ocrx_word' id='word_1_130' title='bbox 612 2435 869 2501; x_wconf 89' lang='lat' dir='ltr'>diabolo</span> <span class='ocrx_word' id='word_1_131' title='bbox 887 2435 922 2499; x_wconf 66' lang='lat'>⁶?</span> 
     </span>
    </p>

    <p class='ocr_par' dir='ltr' id='par_1_4' title="bbox 410 2541 2734 4021">
     <span class='ocr_line' id='line_1_19' title="bbox 590 2541 2660 2627; baseline -0.002 -15"><span class='ocrx_word' id='word_1_132' title='bbox 590 2542 750 2612; x_wconf 86' lang='lat' dir='ltr'>VH.</span> <span class='ocrx_word' id='word_1_133' title='bbox 799 2541 993 2626; x_wconf 73' lang='lat' dir='ltr'>Quod</span> <span class='ocrx_word' id='word_1_134' title='bbox 1026 2543 1286 2626; x_wconf 89' lang='lat' dir='ltr'>quidem</span> <span class='ocrx_word' id='word_1_135' title='bbox 1331 2544 1486 2609; x_wconf 91' lang='lat' dir='ltr'>mihi</span> <span class='ocrx_word' id='word_1_136' title='bbox 1533 2544 1833 2609; x_wconf 83' lang='lat' dir='ltr'>divinitus</span> <span class='ocrx_word' id='word_1_137' title='bbox 1879 2544 2134 2609; x_wconf 87' lang='lat' dir='ltr'>videtur</span> <span class='ocrx_word' id='word_1_138' title='bbox 2177 2543 2660 2627; x_wconf 89' lang='lat' dir='ltr'>promulgatum</span> 
     </span>
     <span class='ocr_line' id='line_1_20' title="bbox 413 2649 2660 2734; baseline 0 -21"><span class='ocrx_word' id='word_1_139' title='bbox 413 2670 552 2714; x_wconf 89' lang='lat' dir='ltr'>esse</span> <span class='ocrx_word' id='word_1_140' title='bbox 582 2649 888 2714; x_wconf 89' lang='lat' dir='ltr'>iudicium</span> <span class='ocrx_word' id='word_1_141' title='bbox 917 2656 1191 2732; x_wconf 89' lang='lat' dir='ltr'>propter</span> <span class='ocrx_word' id='word_1_142' title='bbox 1221 2671 1440 2715; x_wconf 93' lang='lat' dir='ltr'>eorum</span> <span class='ocrx_word' id='word_1_143' title='bbox 1475 2651 1750 2716; x_wconf 83' lang='lat' dir='ltr'>maxime</span> <span class='ocrx_word' id='word_1_144' title='bbox 1782 2651 2299 2734; x_wconf 78' lang='lat' dir='ltr'>fraudulentiam,</span> <span class='ocrx_word' id='word_1_145' title='bbox 2350 2652 2478 2733; x_wconf 89' lang='lat' dir='ltr'>qui,</span> <span class='ocrx_word' id='word_1_146' title='bbox 2512 2672 2660 2715; x_wconf 86' lang='lat' dir='ltr'>eum</span> 
     </span>
     <span class='ocr_line' id='line_1_21' title="bbox 411 2756 2734 2840; baseline 0 -19"><span class='ocrx_word' id='word_1_147' title='bbox 411 2757 529 2823; x_wconf 92' lang='lat' dir='ltr'>sub</span> <span class='ocrx_word' id='word_1_148' title='bbox 563 2756 772 2822; x_wconf 88' lang='lat' dir='ltr'>alieno</span> <span class='ocrx_word' id='word_1_149' title='bbox 813 2757 1073 2822; x_wconf 89' lang='lat' dir='ltr'>nomine</span> <span class='ocrx_word' id='word_1_150' title='bbox 1103 2756 1420 2823; x_wconf 88' lang='lat' dir='ltr'>haeresim</span> <span class='ocrx_word' id='word_1_151' title='bbox 1465 2758 1850 2822; x_wconf 90' lang='lat' dir='ltr'>concinnare</span> <span class='ocrx_word' id='word_1_152' title='bbox 1882 2759 2349 2837; x_wconf 88' lang='lat' dir='ltr'>machinentur,</span> <span class='ocrx_word' id='word_1_153' title='bbox 2393 2763 2660 2840; x_wconf 87' lang='lat' dir='ltr'>captant</span> <span class='ocrx_word' id='word_1_154' title='bbox 2680 2782 2734 2821; x_wconf 82' lang='lat'>20</span> 
     </span>
     <span class='ocr_line' id='line_1_22' title="bbox 410 2864 2656 2948; baseline 0 -21"><span class='ocrx_word' id='word_1_155' title='bbox 410 2864 785 2946; x_wconf 87' lang='lat' dir='ltr'>plerumque</span> <span class='ocrx_word' id='word_1_156' title='bbox 810 2864 1044 2928; x_wconf 83' lang='lat' dir='ltr'>veteris</span> <span class='ocrx_word' id='word_1_157' title='bbox 1068 2865 1425 2947; x_wconf 88' lang='lat' dir='ltr'>cuiuspiam</span> <span class='ocrx_word' id='word_1_158' title='bbox 1448 2865 1563 2928; x_wconf 88' lang='lat' dir='ltr'>viri</span> <span class='ocrx_word' id='word_1_159' title='bbox 1586 2865 1831 2948; x_wconf 88' lang='lat' dir='ltr'>scripta</span> <span class='ocrx_word' id='word_1_160' title='bbox 1859 2866 2055 2947; x_wconf 78' lang='lat' dir='ltr'>paulo</span> <span class='ocrx_word' id='word_1_161' title='bbox 2079 2865 2429 2929; x_wconf 84' lang='lat' dir='ltr'>involutius</span> <span class='ocrx_word' id='word_1_162' title='bbox 2462 2865 2656 2945; x_wconf 91' lang='lat' dir='ltr'>edita,</span> 
     </span>
     <span class='ocr_line' id='line_1_23' title="bbox 413 2970 2657 3056; baseline 0 -21"><span class='ocrx_word' id='word_1_163' title='bbox 413 2992 580 3055; x_wconf 91' lang='lat' dir='ltr'>quae</span> <span class='ocrx_word' id='word_1_164' title='bbox 628 2991 748 3053; x_wconf 91' lang='lat' dir='ltr'>pro</span> <span class='ocrx_word' id='word_1_165' title='bbox 795 2970 940 3054; x_wconf 90' lang='lat' dir='ltr'>ipsa</span> <span class='ocrx_word' id='word_1_166' title='bbox 984 2971 1085 3036; x_wconf 89' lang='lat' dir='ltr'>sui</span> <span class='ocrx_word' id='word_1_167' title='bbox 1131 2971 1524 3036; x_wconf 88' lang='lat' dir='ltr'>obscuritate</span> <span class='ocrx_word' id='word_1_168' title='bbox 1571 2972 1858 3054; x_wconf 84' lang='lat' dir='ltr'>dogmati</span> <span class='ocrx_word' id='word_1_169' title='bbox 1905 2993 2021 3038; x_wconf 91' lang='lat' dir='ltr'>suo</span> <span class='ocrx_word' id='word_1_170' title='bbox 2063 2973 2245 3055; x_wconf 88' lang='lat' dir='ltr'>quasi</span> <span class='ocrx_word' id='word_1_171' title='bbox 2277 2977 2657 3056; x_wconf 87' lang='lat' dir='ltr'>congruant,</span> 
     </span>
     <span class='ocr_line' id='line_1_24' title="bbox 411 3077 2660 3163; baseline 0 -21"><span class='ocrx_word' id='word_1_172' title='bbox 411 3083 485 3143; x_wconf 93' lang='lat' dir='ltr'>ut</span> <span class='ocrx_word' id='word_1_173' title='bbox 528 3077 690 3142; x_wconf 91' lang='lat' dir='ltr'>illud</span> <span class='ocrx_word' id='word_1_174' title='bbox 734 3078 952 3144; x_wconf 88' lang='lat' dir='ltr'>nescio</span> <span class='ocrx_word' id='word_1_175' title='bbox 1018 3077 1205 3161; x_wconf 92' lang='lat' dir='ltr'>quid,</span> <span class='ocrx_word' id='word_1_176' title='bbox 1269 3078 1718 3161; x_wconf 89' lang='lat' dir='ltr'>quodcumque</span> <span class='ocrx_word' id='word_1_177' title='bbox 1784 3080 2149 3162; x_wconf 89' lang='lat' dir='ltr'>proferunt,</span> <span class='ocrx_word' id='word_1_178' title='bbox 2208 3100 2418 3162; x_wconf 90' lang='lat' dir='ltr'>neque</span> <span class='ocrx_word' id='word_1_179' title='bbox 2474 3078 2660 3163; x_wconf 88' lang='lat' dir='ltr'>primi</span> 
     </span>
     <span class='ocr_line' id='line_1_25' title="bbox 412 3183 2661 3272; baseline 0.001 -22"><span class='ocrx_word' id='word_1_180' title='bbox 412 3207 621 3269; x_wconf 88' lang='lat' dir='ltr'>neque</span> <span class='ocrx_word' id='word_1_181' title='bbox 655 3186 776 3252; x_wconf 88' lang='lat' dir='ltr'>soli</span> <span class='ocrx_word' id='word_1_182' title='bbox 808 3187 1046 3251; x_wconf 88' lang='lat' dir='ltr'>sentire</span> <span class='ocrx_word' id='word_1_183' title='bbox 1076 3185 1432 3250; x_wconf 82' lang='lat' dir='ltr'>videantur.</span> <span class='ocrx_word' id='word_1_184' title='bbox 1513 3183 1806 3268; x_wconf 73' lang='lat' dir='ltr'>Quorum</span> <span class='ocrx_word' id='word_1_185' title='bbox 1852 3207 1973 3270; x_wconf 92' lang='lat' dir='ltr'>ego</span> <span class='ocrx_word' id='word_1_186' title='bbox 2020 3188 2373 3270; x_wconf 88' lang='lat' dir='ltr'>nequitiam</span> <span class='ocrx_word' id='word_1_187' title='bbox 2420 3188 2661 3272; x_wconf 88' lang='lat' dir='ltr'>duplici</span> 
     </span>
     <span class='ocr_line' id='line_1_26' title="bbox 413 3292 2731 3378; baseline -0 -20"><span class='ocrx_word' id='word_1_188' title='bbox 413 3294 561 3358; x_wconf 89' lang='lat' dir='ltr'>odio</span> <span class='ocrx_word' id='word_1_189' title='bbox 611 3293 870 3376; x_wconf 87' lang='lat' dir='ltr'>dignam</span> <span class='ocrx_word' id='word_1_190' title='bbox 913 3292 1152 3375; x_wconf 92' lang='lat' dir='ltr'>iudico,</span> <span class='ocrx_word' id='word_1_191' title='bbox 1208 3293 1308 3357; x_wconf 87' lang='lat' dir='ltr'>vel</span> <span class='ocrx_word' id='word_1_192' title='bbox 1353 3313 1430 3358; x_wconf 91' lang='lat' dir='ltr'>eo</span> <span class='ocrx_word' id='word_1_193' title='bbox 1481 3293 1657 3376; x_wconf 90' lang='lat' dir='ltr'>quod</span> <span class='ocrx_word' id='word_1_194' title='bbox 1699 3293 2039 3359; x_wconf 88' lang='lat' dir='ltr'>haereseos</span> <span class='ocrx_word' id='word_1_195' title='bbox 2085 3314 2398 3358; x_wconf 89' lang='lat' dir='ltr'>venenum</span> <span class='ocrx_word' id='word_1_196' title='bbox 2445 3296 2658 3378; x_wconf 89' lang='lat' dir='ltr'>propi·</span> <span class='ocrx_word' id='word_1_197' title='bbox 2678 3318 2731 3357; x_wconf 81' lang='lat'>25</span> 
     </span>
     <span class='ocr_line' id='line_1_27' title="bbox 410 3400 2659 3484; baseline 0.001 -20"><span class='ocrx_word' id='word_1_198' title='bbox 410 3421 565 3465; x_wconf 92' lang='lat' dir='ltr'>nare</span> <span class='ocrx_word' id='word_1_199' title='bbox 595 3400 736 3465; x_wconf 90' lang='lat' dir='ltr'>aliis</span> <span class='ocrx_word' id='word_1_200' title='bbox 767 3421 896 3464; x_wconf 91' lang='lat' dir='ltr'>non</span> <span class='ocrx_word' id='word_1_201' title='bbox 925 3402 1409 3483; x_wconf 87' lang='lat' dir='ltr'>pertimescunt,</span> <span class='ocrx_word' id='word_1_202' title='bbox 1455 3401 1556 3465; x_wconf 87' lang='lat' dir='ltr'>vel</span> <span class='ocrx_word' id='word_1_203' title='bbox 1587 3422 1664 3466; x_wconf 93' lang='lat' dir='ltr'>eo</span> <span class='ocrx_word' id='word_1_204' title='bbox 1714 3401 1928 3484; x_wconf 90' lang='lat' dir='ltr'>etiam,</span> <span class='ocrx_word' id='word_1_205' title='bbox 1979 3402 2155 3484; x_wconf 92' lang='lat' dir='ltr'>quod</span> <span class='ocrx_word' id='word_1_206' title='bbox 2200 3402 2408 3467; x_wconf 89' lang='lat' dir='ltr'>sancti</span> <span class='ocrx_word' id='word_1_207' title='bbox 2453 3404 2659 3467; x_wconf 89' lang='lat' dir='ltr'>cuius-</span> 
     </span>
     <span class='ocr_line' id='line_1_28' title="bbox 413 3508 2661 3594; baseline 0.001 -22"><span class='ocrx_word' id='word_1_208' title='bbox 413 3528 539 3590; x_wconf 91' lang='lat' dir='ltr'>que</span> <span class='ocrx_word' id='word_1_209' title='bbox 584 3509 701 3572; x_wconf 86' lang='lat' dir='ltr'>viri</span> <span class='ocrx_word' id='word_1_210' title='bbox 757 3508 1130 3573; x_wconf 89' lang='lat' dir='ltr'>memoriam</span> <span class='ocrx_word' id='word_1_211' title='bbox 1187 3513 1520 3590; x_wconf 89' lang='lat' dir='ltr'>tamquam</span> <span class='ocrx_word' id='word_1_212' title='bbox 1591 3509 1837 3592; x_wconf 88' lang='lat' dir='ltr'>sopitos</span> <span class='ocrx_word' id='word_1_213' title='bbox 1896 3510 2027 3574; x_wconf 92' lang='lat' dir='ltr'>iam</span> <span class='ocrx_word' id='word_1_214' title='bbox 2087 3511 2332 3576; x_wconf 92' lang='lat' dir='ltr'>cineres</span> <span class='ocrx_word' id='word_1_215' title='bbox 2386 3510 2661 3594; x_wconf 87' lang='lat' dir='ltr'>profana</span> 
     </span>
     <span class='ocr_line' id='line_1_29' title="bbox 412 3615 2660 3700; baseline 0.002 -21"><span class='ocrx_word' id='word_1_216' title='bbox 412 3635 608 3680; x_wconf 91' lang='lat' dir='ltr'>manu</span> <span class='ocrx_word' id='word_1_217' title='bbox 653 3615 985 3696; x_wconf 87' lang='lat' dir='ltr'>ventilant,</span> <span class='ocrx_word' id='word_1_218' title='bbox 1035 3621 1102 3680; x_wconf 89' lang='lat' dir='ltr'>et</span> <span class='ocrx_word' id='word_1_219' title='bbox 1148 3637 1314 3700; x_wconf 91' lang='lat' dir='ltr'>quae</span> <span class='ocrx_word' id='word_1_220' title='bbox 1362 3616 1614 3681; x_wconf 88' lang='lat' dir='ltr'>silentio</span> <span class='ocrx_word' id='word_1_221' title='bbox 1665 3617 1920 3700; x_wconf 89' lang='lat' dir='ltr'>sepeliri</span> <span class='ocrx_word' id='word_1_222' title='bbox 1967 3618 2331 3700; x_wconf 89' lang='lat' dir='ltr'>oportebat,</span> <span class='ocrx_word' id='word_1_223' title='bbox 2379 3619 2660 3684; x_wconf 86' lang='lat' dir='ltr'>rediviva</span> 
     </span>
     <span class='ocr_line' id='line_1_30' title="bbox 416 3722 2659 3807; baseline 0.001 -21"><span class='ocrx_word' id='word_1_224' title='bbox 416 3723 714 3806; x_wconf 89' lang='lat' dir='ltr'>opinione</span> <span class='ocrx_word' id='word_1_225' title='bbox 769 3722 1134 3806; x_wconf 87' lang='lat' dir='ltr'>diffamant,</span> <span class='ocrx_word' id='word_1_226' title='bbox 1197 3728 1542 3807; x_wconf 84' lang='lat' dir='ltr'>sequentes</span> <span class='ocrx_word' id='word_1_227' title='bbox 1605 3725 1866 3789; x_wconf 89' lang='lat' dir='ltr'>omnino</span> <span class='ocrx_word' id='word_1_228' title='bbox 1914 3725 2183 3807; x_wconf 87' lang='lat' dir='ltr'>vestigia</span> <span class='ocrx_word' id='word_1_229' title='bbox 2227 3725 2519 3790; x_wconf 46' lang='lat' dir='ltr'>auctoris*</span> <span class='ocrx_word' id='word_1_230' title='bbox 2560 3726 2659 3789; x_wconf 91' lang='lat' dir='ltr'>sui</span> 
     </span>
     <span class='ocr_line' id='line_1_31' title="bbox 413 3827 2730 3917; baseline 0.002 -24"><span class='ocrx_word' id='word_1_231' title='bbox 413 3827 621 3894; x_wconf 86' lang='lat' dir='ltr'>Oham</span> <span class='ocrx_word' id='word_1_232' title='bbox 640 3878 658 3912; x_wconf 91' lang='lat'>,</span> <span class='ocrx_word' id='word_1_233' title='bbox 730 3830 841 3914; x_wconf 92' lang='lat' dir='ltr'>qui</span> <span class='ocrx_word' id='word_1_234' title='bbox 905 3830 1265 3897; x_wconf 88' lang='lat' dir='ltr'>nuditatem</span> <span class='ocrx_word' id='word_1_235' title='bbox 1329 3831 1678 3896; x_wconf 86' lang='lat' dir='ltr'>venerandi</span> <span class='ocrx_word' id='word_1_236' title='bbox 1739 3830 1808 3895; x_wconf 93' lang='lat' dir='ltr'>N</span> <span class='ocrx_word' id='word_1_237' title='bbox 1811 3836 1887 3895; x_wconf 69' lang='lat' dir='ltr'>oe</span> <span class='ocrx_word' id='word_1_238' title='bbox 1951 3853 2085 3897; x_wconf 88' lang='lat' dir='ltr'>non</span> <span class='ocrx_word' id='word_1_239' title='bbox 2147 3831 2340 3897; x_wconf 91' lang='lat' dir='ltr'>modo</span> <span class='ocrx_word' id='word_1_240' title='bbox 2408 3833 2656 3917; x_wconf 89' lang='lat' dir='ltr'>operire</span> <span class='ocrx_word' id='word_1_241' title='bbox 2675 3856 2730 3897; x_wconf 79' lang='lat'>30</span> 
     </span>
     <span class='ocr_line' id='line_1_32' title="bbox 413 3936 2656 4021; baseline 0.002 -21"><span class='ocrx_word' id='word_1_242' title='bbox 413 3936 713 4019; x_wconf 83' lang='lat' dir='ltr'>neglexit,</span> <span class='ocrx_word' id='word_1_243' title='bbox 762 3958 980 4001; x_wconf 85' lang='lat' dir='ltr'>verum</span> <span class='ocrx_word' id='word_1_244' title='bbox 1021 3958 1278 4021; x_wconf 92' lang='lat' dir='ltr'>quoque</span> <span class='ocrx_word' id='word_1_245' title='bbox 1308 3938 1715 4003; x_wconf 89' lang='lat' dir='ltr'>inridendam</span> <span class='ocrx_word' id='word_1_246' title='bbox 1746 3938 1978 4003; x_wconf 88' lang='lat' dir='ltr'>ceteris</span> <span class='ocrx_word' id='word_1_247' title='bbox 2020 3939 2391 4005; x_wconf 86' lang='lat' dir='ltr'>enuntiavit.</span> <span class='ocrx_word' id='word_1_248' title='bbox 2469 3938 2656 4005; x_wconf 91' lang='lat' dir='ltr'>Unde</span> 
     </span>
    </p>
   </div>
   <div class='ocr_carea' id='block_1_3' title="bbox 595 4168 2086 4239">
    <p class='ocr_par' dir='ltr' id='par_1_5' title="bbox 595 4168 2086 4239">
     <span class='ocr_line' id='line_1_33' title="bbox 595 4168 2086 4239; baseline 0.001 -17"><span class='ocrx_word' id='word_1_249' title='bbox 595 4170 663 4223; x_wconf 94' lang='grc'>10</span> <span class='ocrx_word' id='word_1_250' title='bbox 702 4168 770 4223; x_wconf 88' lang='lat' dir='ltr'>cf.</span> <span class='ocrx_word' id='word_1_251' title='bbox 808 4168 915 4223; x_wconf 89' lang='lat' dir='ltr'>Mt.</span> <span class='ocrx_word' id='word_1_252' title='bbox 957 4170 1041 4237; x_wconf 85' lang='lat'>13,</span> <span class='ocrx_word' id='word_1_253' title='bbox 1081 4170 1166 4222; x_wconf 80' lang='lat'>38.</span> <span class='ocrx_word' id='word_1_254' title='bbox 1382 4170 1454 4223; x_wconf 86' lang='lat'>30</span> <span class='ocrx_word' id='word_1_255' title='bbox 1493 4168 1562 4223; x_wconf 87' lang='lat' dir='ltr'>cf.</span> <span class='ocrx_word' id='word_1_256' title='bbox 1601 4168 1745 4223; x_wconf 80' lang='lat' dir='ltr'>Gen.</span> <span class='ocrx_word' id='word_1_257' title='bbox 1784 4170 1835 4237; x_wconf 88' lang='lat'>9,</span> <span class='ocrx_word' id='word_1_258' title='bbox 1875 4169 1941 4223; x_wconf 83' lang='lat'>21</span> <span class='ocrx_word' id='word_1_259' title='bbox 1967 4187 2086 4239; x_wconf 86' lang='lat' dir='ltr'>sqq.</span> 
     </span>
    </p>
   </div>
  </div>
 </body>
</html>
