<?xml version="1.0" encoding="UTF-8"?>
<!DOCTYPE html PUBLIC "-//W3C//DTD XHTML 1.0 Transitional//EN"
    "http://www.w3.org/TR/xhtml1/DTD/xhtml1-transitional.dtd">
<html xmlns="http://www.w3.org/1999/xhtml" xml:lang="en" lang="en">
 <head>
  <title>
</title>
<meta http-equiv="Content-Type" content="text/html;charset=utf-8" />
  <meta name='ocr-system' content='tesseract 3.04.00' />
  <meta name='ocr-capabilities' content='ocr_page ocr_carea ocr_par ocr_line ocrx_word'/>
</head>
<body>
  <div class='ocr_page' id='page_1' title='image "./vincenzvonlerin00jlgoog_0032.png"; bbox 0 0 3292 5109; ppageno 0'>
   <div class='ocr_carea' id='block_1_1' title="bbox 1237 585 2626 658">
    <p class='ocr_par' dir='ltr' id='par_1_1' title="bbox 1237 585 2626 658">
     <span class='ocr_line' id='line_1_1' title="bbox 1237 585 2626 658; baseline 0.006 -17"><span class='ocrx_word' id='word_1_1' title='bbox 1237 586 1327 642; x_wconf 88' lang='lat' dir='ltr'><strong>1x</strong></span> <span class='ocrx_word' id='word_1_2' title='bbox 1363 586 1608 658; x_wconf 83' lang='lat' dir='ltr'>(14)—x</span> <span class='ocrx_word' id='word_1_3' title='bbox 1644 585 1780 657; x_wconf 89' lang='lat'>(15).</span> <span class='ocrx_word' id='word_1_4' title='bbox 2544 590 2626 651; x_wconf 86' lang='lat'><strong>13</strong></span> 
     </span>
    </p>
   </div>
   <div class='ocr_carea' id='block_1_2' title="bbox 385 746 2626 940">
    <p class='ocr_par' dir='ltr' id='par_1_2' title="bbox 385 746 2626 940">
     <span class='ocr_line' id='line_1_2' title="bbox 385 746 2626 833; baseline -0.001 -18"><span class='ocrx_word' id='word_1_5' title='bbox 385 750 653 833; x_wconf 90' lang='lat' dir='ltr'><strong>impium</strong></span> <span class='ocrx_word' id='word_1_6' title='bbox 698 749 942 833; x_wconf 87' lang='lat' dir='ltr'><strong>pariter</strong></span> <span class='ocrx_word' id='word_1_7' title='bbox 988 754 1055 815; x_wconf 92' lang='lat' dir='ltr'><strong>et</strong></span> <span class='ocrx_word' id='word_1_8' title='bbox 1097 749 1530 833; x_wconf 90' lang='lat' dir='ltr'><strong>perniciosum</strong></span> <span class='ocrx_word' id='word_1_9' title='bbox 1589 752 1691 813; x_wconf 91' lang='lat' dir='ltr'><strong>est</strong></span> <span class='ocrx_word' id='word_1_10' title='bbox 1748 748 1843 813; x_wconf 92' lang='lat' dir='ltr'><strong>ita</strong></span> <span class='ocrx_word' id='word_1_11' title='bbox 1902 747 2201 830; x_wconf 90' lang='lat' dir='ltr'><strong>credere,</strong></span> <span class='ocrx_word' id='word_1_12' title='bbox 2262 746 2626 813; x_wconf 87' lang='lat' dir='ltr'><strong>necessario</strong></span> 
     </span>
     <span class='ocr_line' id='line_1_3' title="bbox 388 853 2626 940; baseline -0.001 -19"><span class='ocrx_word' id='word_1_13' title='bbox 388 857 709 940; x_wconf 87' lang='lat' dir='ltr'><strong>sequitur,</strong></span> <span class='ocrx_word' id='word_1_14' title='bbox 769 861 862 938; x_wconf 91' lang='lat' dir='ltr'><strong>ut,</strong></span> <span class='ocrx_word' id='word_1_15' title='bbox 911 856 1081 921; x_wconf 90' lang='lat' dir='ltr'><strong>sicut</strong></span> <span class='ocrx_word' id='word_1_16' title='bbox 1134 856 1295 921; x_wconf 92' lang='lat' dir='ltr'><strong>haec</strong></span> <span class='ocrx_word' id='word_1_17' title='bbox 1344 856 1592 920; x_wconf 90' lang='lat' dir='ltr'><strong>cunctis</strong></span> <span class='ocrx_word' id='word_1_18' title='bbox 1638 854 1960 920; x_wconf 88' lang='lat' dir='ltr'><strong>aetatibus</strong></span> <span class='ocrx_word' id='word_1_19' title='bbox 2009 853 2409 919; x_wconf 85' lang='lat' dir='ltr'><strong>observanda</strong></span> <span class='ocrx_word' id='word_1_20' title='bbox 2456 860 2626 934; x_wconf 86' lang='lat' dir='ltr'><strong>sunt,</strong></span> 
     </span>
    </p>
   </div>
   <div class='ocr_carea' id='block_1_3' title="bbox 384 961 2626 1154">
    <p class='ocr_par' dir='ltr' id='par_1_3' title="bbox 384 961 2626 1154">
     <span class='ocr_line' id='line_1_4' title="bbox 384 961 2626 1047; baseline -0.001 -19"><span class='ocrx_word' id='word_1_21' title='bbox 384 965 479 1029; x_wconf 92' lang='lat' dir='ltr'><strong>ita</strong></span> <span class='ocrx_word' id='word_1_22' title='bbox 535 963 647 1028; x_wconf 89' lang='lat' dir='ltr'><strong>illa</strong></span> <span class='ocrx_word' id='word_1_23' title='bbox 701 985 958 1047; x_wconf 92' lang='lat' dir='ltr'><strong>quoque</strong></span> <span class='ocrx_word' id='word_1_24' title='bbox 977 1013 994 1045; x_wconf 90' lang='lat'><strong>,</strong></span> <span class='ocrx_word' id='word_1_25' title='bbox 1059 984 1226 1046; x_wconf 93' lang='lat' dir='ltr'><strong>quae</strong></span> <span class='ocrx_word' id='word_1_26' title='bbox 1287 963 1367 1028; x_wconf 92' lang='lat' dir='ltr'><strong>de</strong></span> <span class='ocrx_word' id='word_1_27' title='bbox 1421 985 1553 1028; x_wconf 93' lang='lat' dir='ltr'><strong>non</strong></span> <span class='ocrx_word' id='word_1_28' title='bbox 1613 962 1924 1028; x_wconf 89' lang='lat' dir='ltr'><strong>mutanda</strong></span> <span class='ocrx_word' id='word_1_29' title='bbox 1981 961 2107 1027; x_wconf 90' lang='lat' dir='ltr'><strong>fide</strong></span> <span class='ocrx_word' id='word_1_30' title='bbox 2172 966 2401 1027; x_wconf 87' lang='lat' dir='ltr'><strong>sancta</strong></span> <span class='ocrx_word' id='word_1_31' title='bbox 2456 967 2626 1044; x_wconf 88' lang='lat' dir='ltr'><strong>sunt,</strong></span> 
     </span>
     <span class='ocr_line' id='line_1_5' title="bbox 387 1070 1558 1154; baseline -0.002 -19"><span class='ocrx_word' id='word_1_32' title='bbox 387 1071 632 1135; x_wconf 88' lang='lat' dir='ltr'><strong>cunctis</strong></span> <span class='ocrx_word' id='word_1_33' title='bbox 679 1070 1004 1135; x_wconf 90' lang='lat' dir='ltr'><strong>aetatibus</strong></span> <span class='ocrx_word' id='word_1_34' title='bbox 1048 1070 1364 1154; x_wconf 86' lang='lat' dir='ltr'><strong>imperata</strong></span> <span class='ocrx_word' id='word_1_35' title='bbox 1409 1070 1558 1134; x_wconf 90' lang='lat' dir='ltr'><strong>sint.</strong></span> 
     </span>
    </p>
   </div>
   <div class='ocr_carea' id='block_1_4' title="bbox 385 1173 2723 3935">
    <p class='ocr_par' dir='ltr' id='par_1_4' title="bbox 385 1173 2720 3381">
     <span class='ocr_line' id='line_1_6' title="bbox 566 1173 2677 1260; baseline -0 -20"><span class='ocrx_word' id='word_1_36' title='bbox 566 1176 980 1242; x_wconf 90' lang='lat' dir='ltr'><strong>Adnuntiare</strong></span> <span class='ocrx_word' id='word_1_37' title='bbox 1043 1198 1195 1260; x_wconf 85' lang='lat' dir='ltr'><strong>ergo</strong></span> <span class='ocrx_word' id='word_1_38' title='bbox 1255 1176 1497 1259; x_wconf 79' lang='lat' dir='ltr'><strong>aliquid</strong></span> <span class='ocrx_word' id='word_1_39' title='bbox 1544 1173 1926 1241; x_wconf 87' lang='lat' dir='ltr'><strong>Christianis</strong></span> <span class='ocrx_word' id='word_1_40' title='bbox 1989 1174 2323 1240; x_wconf 82' lang='lat' dir='ltr'><strong>catholicis</strong></span> <span class='ocrx_word' id='word_1_41' title='bbox 2369 1180 2630 1258; x_wconf 87' lang='lat' dir='ltr'><strong>praeter</strong></span> <span class='ocrx_word' id='word_1_42' title='bbox 2649 1197 2677 1238; x_wconf 79' lang='lat'>6</span> 
     </span>
     <span class='ocr_line' id='line_1_7' title="bbox 385 1281 2630 1367; baseline -0.001 -19"><span class='ocrx_word' id='word_1_43' title='bbox 385 1284 471 1365; x_wconf 91' lang='lat' dir='ltr'><strong>id,</strong></span> <span class='ocrx_word' id='word_1_44' title='bbox 521 1283 700 1367; x_wconf 91' lang='lat' dir='ltr'><strong>quod</strong></span> <span class='ocrx_word' id='word_1_45' title='bbox 744 1290 1158 1367; x_wconf 89' lang='lat' dir='ltr'><strong>acceperunt,</strong></span> <span class='ocrx_word' id='word_1_46' title='bbox 1204 1305 1555 1366; x_wconf 84' lang='lat' dir='ltr'><strong>numquam</strong></span> <span class='ocrx_word' id='word_1_47' title='bbox 1599 1283 1799 1366; x_wconf 91' lang='lat' dir='ltr'><strong>licuit,</strong></span> <span class='ocrx_word' id='word_1_48' title='bbox 1859 1302 2178 1365; x_wconf 81' lang='lat' dir='ltr'>nusquam</span> <span class='ocrx_word' id='word_1_49' title='bbox 2222 1281 2394 1363; x_wconf 92' lang='lat' dir='ltr'><strong>licet,</strong></span> <span class='ocrx_word' id='word_1_50' title='bbox 2450 1303 2630 1346; x_wconf 91' lang='lat' dir='ltr'><strong>num·</strong></span> 
     </span>
     <span class='ocr_line' id='line_1_8' title="bbox 389 1379 2629 1475; baseline -0.001 -19"><span class='ocrx_word' id='word_1_51' title='bbox 389 1412 583 1475; x_wconf 89' lang='lat' dir='ltr'><strong>quam</strong></span> <span class='ocrx_word' id='word_1_52' title='bbox 643 1379 898 1473; x_wconf 82' lang='lat' dir='ltr'><strong>licebit3</strong></span> <span class='ocrx_word' id='word_1_53' title='bbox 961 1397 1029 1457; x_wconf 92' lang='lat' dir='ltr'><strong>et</strong></span> <span class='ocrx_word' id='word_1_54' title='bbox 1085 1390 1500 1456; x_wconf 90' lang='lat' dir='ltr'><strong>anathemare</strong></span> <span class='ocrx_word' id='word_1_55' title='bbox 1557 1411 1699 1473; x_wconf 81' lang='lat' dir='ltr'><strong>eoS,</strong></span> <span class='ocrx_word' id='word_1_56' title='bbox 1764 1390 1875 1473; x_wconf 92' lang='lat' dir='ltr'><strong>qui</strong></span> <span class='ocrx_word' id='word_1_57' title='bbox 1928 1390 2313 1455; x_wconf 79' lang='lat' dir='ltr'><strong>adnuntiant</strong></span> <span class='ocrx_word' id='word_1_58' title='bbox 2368 1389 2629 1472; x_wconf 89' lang='lat' dir='ltr'><strong>aliquid,</strong></span> 
     </span>
     <span class='ocr_line' id='line_1_9' title="bbox 388 1498 2633 1583; baseline -0.001 -19"><span class='ocrx_word' id='word_1_59' title='bbox 388 1505 845 1582; x_wconf 84' lang='lat' dir='ltr'><strong>praeterquam</strong></span> <span class='ocrx_word' id='word_1_60' title='bbox 891 1498 1069 1583; x_wconf 89' lang='lat' dir='ltr'><strong>quod</strong></span> <span class='ocrx_word' id='word_1_61' title='bbox 1114 1498 1312 1564; x_wconf 90' lang='lat' dir='ltr'><strong>semel</strong></span> <span class='ocrx_word' id='word_1_62' title='bbox 1358 1503 1700 1582; x_wconf 90' lang='lat' dir='ltr'><strong>acceptum</strong></span> <span class='ocrx_word' id='word_1_63' title='bbox 1731 1502 1851 1580; x_wconf 90' lang='lat' dir='ltr'><strong>est,</strong></span> <span class='ocrx_word' id='word_1_64' title='bbox 1895 1519 2245 1581; x_wconf 88' lang='lat' dir='ltr'><strong>numquam</strong></span> <span class='ocrx_word' id='word_1_65' title='bbox 2277 1518 2410 1563; x_wconf 94' lang='lat' dir='ltr'><strong>non</strong></span> <span class='ocrx_word' id='word_1_66' title='bbox 2443 1518 2633 1579; x_wconf 88' lang='lat' dir='ltr'><strong>opor-</strong></span> 
     </span>
     <span class='ocr_line' id='line_1_10' title="bbox 390 1602 2634 1690; baseline -0 -19"><span class='ocrx_word' id='word_1_67' title='bbox 390 1607 536 1689; x_wconf 86' lang='lat' dir='ltr'><strong>tuit,</strong></span> <span class='ocrx_word' id='word_1_68' title='bbox 584 1628 903 1689; x_wconf 85' lang='lat' dir='ltr'><strong>nusquam</strong></span> <span class='ocrx_word' id='word_1_69' title='bbox 948 1628 1078 1671; x_wconf 96' lang='lat' dir='ltr'><strong>non</strong></span> <span class='ocrx_word' id='word_1_70' title='bbox 1130 1611 1413 1690; x_wconf 83' lang='lat' dir='ltr'><strong>oportet,</strong></span> <span class='ocrx_word' id='word_1_71' title='bbox 1459 1626 1813 1688; x_wconf 90' lang='lat' dir='ltr'><strong>numquam</strong></span> <span class='ocrx_word' id='word_1_72' title='bbox 1858 1626 1990 1669; x_wconf 95' lang='lat' dir='ltr'><strong>non</strong></span> <span class='ocrx_word' id='word_1_73' title='bbox 2023 1604 2370 1688; x_wconf 87' lang='lat' dir='ltr'><strong>oportebit.</strong></span> <span class='ocrx_word' id='word_1_74' title='bbox 2451 1602 2634 1687; x_wconf 79' lang='lat' dir='ltr'><strong>Quae</strong></span> 
     </span>
     <span class='ocr_line' id='line_1_11' title="bbox 392 1711 2707 1797; baseline 0.002 -19"><span class='ocrx_word' id='word_1_75' title='bbox 392 1734 538 1778; x_wconf 91' lang='lat' dir='ltr'><strong>cum</strong></span> <span class='ocrx_word' id='word_1_76' title='bbox 583 1714 678 1778; x_wconf 93' lang='lat' dir='ltr'><strong>ita</strong></span> <span class='ocrx_word' id='word_1_77' title='bbox 724 1714 872 1797; x_wconf 91' lang='lat' dir='ltr'><strong>sint,</strong></span> <span class='ocrx_word' id='word_1_78' title='bbox 923 1720 1105 1778; x_wconf 91' lang='lat' dir='ltr'><strong>estne</strong></span> <span class='ocrx_word' id='word_1_79' title='bbox 1151 1713 1380 1797; x_wconf 89' lang='lat' dir='ltr'><strong>aliquis</strong></span> <span class='ocrx_word' id='word_1_80' title='bbox 1426 1713 1528 1778; x_wconf 87' lang='lat' dir='ltr'><strong>vel</strong></span> <span class='ocrx_word' id='word_1_81' title='bbox 1571 1717 1798 1778; x_wconf 87' lang='lat' dir='ltr'><strong>tantae</strong></span> <span class='ocrx_word' id='word_1_82' title='bbox 1844 1712 2172 1794; x_wconf 84' lang='lat' dir='ltr'><strong>audaciae,</strong></span> <span class='ocrx_word' id='word_1_83' title='bbox 2221 1711 2331 1794; x_wconf 94' lang='lat' dir='ltr'><strong>qui</strong></span> <span class='ocrx_word' id='word_1_84' title='bbox 2374 1716 2636 1794; x_wconf 90' lang='lat' dir='ltr'><strong>praeter</strong></span> <span class='ocrx_word' id='word_1_85' title='bbox 2653 1743 2707 1781; x_wconf 77' lang='grc' dir='ltr'><strong>ιο</strong></span> 
     </span>
     <span class='ocr_line' id='line_1_12' title="bbox 389 1819 2636 1903; baseline -0.001 -18"><span class='ocrx_word' id='word_1_86' title='bbox 389 1820 483 1901; x_wconf 89' lang='lat' dir='ltr'><strong>id,</strong></span> <span class='ocrx_word' id='word_1_87' title='bbox 542 1820 720 1903; x_wconf 92' lang='lat' dir='ltr'><strong>quod</strong></span> <span class='ocrx_word' id='word_1_88' title='bbox 781 1819 958 1903; x_wconf 90' lang='lat' dir='ltr'><strong>apud</strong></span> <span class='ocrx_word' id='word_1_89' title='bbox 1014 1820 1352 1886; x_wconf 89' lang='lat' dir='ltr'><strong>ecclesiam</strong></span> <span class='ocrx_word' id='word_1_90' title='bbox 1407 1821 1861 1886; x_wconf 86' lang='lat' dir='ltr'><strong>adnuntiatum</strong></span> <span class='ocrx_word' id='word_1_91' title='bbox 1920 1825 2048 1902; x_wconf 88' lang='lat' dir='ltr'><strong>est,</strong></span> <span class='ocrx_word' id='word_1_92' title='bbox 2107 1819 2478 1900; x_wconf 85' lang='lat' dir='ltr'><strong>adnuntiet,</strong></span> <span class='ocrx_word' id='word_1_93' title='bbox 2536 1819 2636 1884; x_wconf 85' lang='lat' dir='ltr'><strong>vel</strong></span> 
     </span>
     <span class='ocr_line' id='line_1_13' title="bbox 392 1925 2633 2010; baseline -0.001 -19"><span class='ocrx_word' id='word_1_94' title='bbox 392 1931 616 1991; x_wconf 86' lang='lat' dir='ltr'><strong>tantae</strong></span> <span class='ocrx_word' id='word_1_95' title='bbox 672 1926 983 2009; x_wconf 84' lang='lat' dir='ltr'><strong>levitatis,</strong></span> <span class='ocrx_word' id='word_1_96' title='bbox 1041 1928 1150 2009; x_wconf 88' lang='lat' dir='ltr'><strong>qui</strong></span> <span class='ocrx_word' id='word_1_97' title='bbox 1203 1932 1466 2010; x_wconf 91' lang='lat' dir='ltr'><strong>praeter</strong></span> <span class='ocrx_word' id='word_1_98' title='bbox 1517 1927 1614 2008; x_wconf 91' lang='lat' dir='ltr'><strong>id,</strong></span> <span class='ocrx_word' id='word_1_99' title='bbox 1673 1927 1847 2009; x_wconf 93' lang='lat' dir='ltr'><strong>quod</strong></span> <span class='ocrx_word' id='word_1_100' title='bbox 1904 1925 1985 1992; x_wconf 92' lang='lat' dir='ltr'><strong>ab</strong></span> <span class='ocrx_word' id='word_1_101' title='bbox 2045 1925 2319 1991; x_wconf 90' lang='lat' dir='ltr'><strong>ecclesia</strong></span> <span class='ocrx_word' id='word_1_102' title='bbox 2364 1926 2633 2009; x_wconf 88' lang='lat' dir='ltr'><strong>accepit,</strong></span> 
     </span>
     <span class='ocr_line' id='line_1_14' title="bbox 393 2031 2639 2115; baseline -0 -18"><span class='ocrx_word' id='word_1_103' title='bbox 393 2032 718 2114; x_wconf 76' lang='lat' dir='ltr'><strong>accipiat?</strong></span> <span class='ocrx_word' id='word_1_104' title='bbox 784 2031 1060 2115; x_wconf 84' lang='lat' dir='ltr'><strong>Clamat,</strong></span> <span class='ocrx_word' id='word_1_105' title='bbox 1093 2039 1159 2098; x_wconf 92' lang='lat' dir='ltr'><strong>et</strong></span> <span class='ocrx_word' id='word_1_106' title='bbox 1189 2033 1539 2115; x_wconf 90' lang='lat' dir='ltr'><strong>repetendo</strong></span> <span class='ocrx_word' id='word_1_107' title='bbox 1575 2033 1829 2114; x_wconf 89' lang='lat' dir='ltr'><strong>clamat,</strong></span> <span class='ocrx_word' id='word_1_108' title='bbox 1865 2038 1932 2098; x_wconf 92' lang='lat' dir='ltr'><strong>et</strong></span> <span class='ocrx_word' id='word_1_109' title='bbox 1964 2032 2257 2098; x_wconf 90' lang='lat' dir='ltr'><strong>omnibus</strong></span> <span class='ocrx_word' id='word_1_110' title='bbox 2290 2037 2355 2096; x_wconf 94' lang='lat' dir='ltr'><strong>et</strong></span> <span class='ocrx_word' id='word_1_111' title='bbox 2386 2053 2639 2115; x_wconf 84' lang='lat' dir='ltr'><strong>semper</strong></span> 
     </span>
     <span class='ocr_line' id='line_1_15' title="bbox 396 2138 2638 2223; baseline 0.001 -20"><span class='ocrx_word' id='word_1_112' title='bbox 396 2145 463 2204; x_wconf 92' lang='lat' dir='ltr'><strong>et</strong></span> <span class='ocrx_word' id='word_1_113' title='bbox 523 2138 763 2221; x_wconf 91' lang='lat' dir='ltr'><strong>ubique</strong></span> <span class='ocrx_word' id='word_1_114' title='bbox 820 2160 939 2222; x_wconf 89' lang='lat' dir='ltr'><strong>per</strong></span> <span class='ocrx_word' id='word_1_115' title='bbox 990 2139 1211 2204; x_wconf 82' lang='lat' dir='ltr'><strong>literas</strong></span> <span class='ocrx_word' id='word_1_116' title='bbox 1257 2160 1407 2204; x_wconf 89' lang='lat' dir='ltr'><strong>suas</strong></span> <span class='ocrx_word' id='word_1_117' title='bbox 1454 2140 1690 2205; x_wconf 89' lang='lat' dir='ltr'><strong>clamat</strong></span> <span class='ocrx_word' id='word_1_118' title='bbox 1732 2141 1858 2223; x_wconf 90' lang='lat' dir='ltr'><strong>ille,</strong></span> <span class='ocrx_word' id='word_1_119' title='bbox 1920 2140 2027 2205; x_wconf 90' lang='lat' dir='ltr'><strong>ille</strong></span> <span class='ocrx_word' id='word_1_120' title='bbox 2089 2161 2209 2205; x_wconf 78' lang='lat' dir='ltr'><strong>vas</strong></span> <span class='ocrx_word' id='word_1_121' title='bbox 2269 2145 2638 2223; x_wconf 75' lang='lat' dir='ltr'><strong>electioni-5,</strong></span> 
     </span>
     <span class='ocr_line' id='line_1_16' title="bbox 397 2245 2711 2330; baseline -0.001 -21"><span class='ocrx_word' id='word_1_122' title='bbox 397 2245 502 2310; x_wconf 90' lang='lat' dir='ltr'><strong>ille</strong></span> <span class='ocrx_word' id='word_1_123' title='bbox 551 2253 878 2327; x_wconf 72' lang='lat' dir='ltr'><strong>mayz’ster</strong></span> <span class='ocrx_word' id='word_1_124' title='bbox 918 2255 1243 2329; x_wconf 74' lang='lat' dir='ltr'><strong>yentz&#39;um,</strong></span> <span class='ocrx_word' id='word_1_125' title='bbox 1295 2246 1403 2311; x_wconf 90' lang='lat' dir='ltr'><strong>ille</strong></span> <span class='ocrx_word' id='word_1_126' title='bbox 1447 2247 1893 2330; x_wconf 86' lang='lat' dir='ltr'><strong>apostolorum</strong></span> <span class='ocrx_word' id='word_1_127' title='bbox 1941 2246 2121 2329; x_wconf 92' lang='lat' dir='ltr'><strong>tuba,</strong></span> <span class='ocrx_word' id='word_1_128' title='bbox 2168 2246 2273 2312; x_wconf 90' lang='lat' dir='ltr'><strong>ille</strong></span> <span class='ocrx_word' id='word_1_129' title='bbox 2318 2251 2638 2311; x_wconf 86' lang='lat' dir='ltr'><strong>terrarum</strong></span> <span class='ocrx_word' id='word_1_130' title='bbox 2660 2266 2711 2306; x_wconf 88' lang='lat'><strong>15</strong></span> 
     </span>
     <span class='ocr_line' id='line_1_17' title="bbox 394 2353 2639 2439; baseline 0 -22"><span class='ocrx_word' id='word_1_131' title='bbox 394 2374 652 2436; x_wconf 91' lang='lat' dir='ltr'><strong>praeco,</strong></span> <span class='ocrx_word' id='word_1_132' title='bbox 686 2353 791 2418; x_wconf 90' lang='lat' dir='ltr'><strong>ille</strong></span> <span class='ocrx_word' id='word_1_133' title='bbox 813 2354 1137 2420; x_wconf 90' lang='lat' dir='ltr'><strong>caelorum</strong></span> <span class='ocrx_word' id='word_1_134' title='bbox 1157 2355 1474 2438; x_wconf 88' lang='lat' dir='ltr'><strong>conscius,</strong></span> <span class='ocrx_word' id='word_1_135' title='bbox 1506 2360 1601 2437; x_wconf 91' lang='lat' dir='ltr'><strong>ut,</strong></span> <span class='ocrx_word' id='word_1_136' title='bbox 1628 2355 1682 2420; x_wconf 88' lang='lat' dir='ltr'><strong>si</strong></span> <span class='ocrx_word' id='word_1_137' title='bbox 1706 2356 1849 2439; x_wconf 92' lang='lat' dir='ltr'><strong>quis</strong></span> <span class='ocrx_word' id='word_1_138' title='bbox 1871 2376 2107 2420; x_wconf 89' lang='lat' dir='ltr'><strong>novum</strong></span> <span class='ocrx_word' id='word_1_139' title='bbox 2132 2356 2368 2438; x_wconf 84' lang='lat' dir='ltr'><strong>dogma</strong></span> <span class='ocrx_word' id='word_1_140' title='bbox 2398 2354 2639 2420; x_wconf 91' lang='lat' dir='ltr'><strong>adnun-</strong></span> 
     </span>
     <span class='ocr_line' id='line_1_18' title="bbox 394 2460 2642 2544; baseline 0.001 -21"><span class='ocrx_word' id='word_1_141' title='bbox 394 2460 670 2542; x_wconf 85' lang='lat' dir='ltr'><strong>tiaverit,</strong></span> <span class='ocrx_word' id='word_1_142' title='bbox 718 2461 1187 2526; x_wconf 86' lang='lat' dir='ltr'><strong>anathemetur.</strong></span> <span class='ocrx_word' id='word_1_143' title='bbox 1265 2462 1358 2527; x_wconf 86' lang='lat' dir='ltr'><strong>Et</strong></span> <span class='ocrx_word' id='word_1_144' title='bbox 1395 2469 1626 2528; x_wconf 78' lang='lat' dir='ltr'><strong>contra</strong></span> <span class='ocrx_word' id='word_1_145' title='bbox 1670 2462 2022 2527; x_wconf 88' lang='lat' dir='ltr'><strong>reclamant</strong></span> <span class='ocrx_word' id='word_1_146' title='bbox 2066 2483 2278 2527; x_wconf 84' lang='lat' dir='ltr'><strong>ranae</strong></span> <span class='ocrx_word' id='word_1_147' title='bbox 2325 2461 2642 2544; x_wconf 88' lang='lat' dir='ltr'><strong>quaedam</strong></span> 
     </span>
     <span class='ocr_line' id='line_1_19' title="bbox 396 2567 2642 2652; baseline 0 -21"><span class='ocrx_word' id='word_1_148' title='bbox 396 2573 462 2631; x_wconf 92' lang='lat' dir='ltr'><strong>et</strong></span> <span class='ocrx_word' id='word_1_149' title='bbox 504 2572 822 2651; x_wconf 74' lang='lat' dir='ltr'><strong>cyniphes</strong></span> <span class='ocrx_word' id='word_1_150' title='bbox 868 2574 935 2632; x_wconf 90' lang='lat' dir='ltr'><strong>et</strong></span> <span class='ocrx_word' id='word_1_151' title='bbox 980 2590 1250 2635; x_wconf 74' lang='lat' dir='ltr'><strong>muscae</strong></span> <span class='ocrx_word' id='word_1_152' title='bbox 1295 2577 1691 2652; x_wconf 79' lang='lat' dir='ltr'><strong>moriturae,</strong></span> <span class='ocrx_word' id='word_1_153' title='bbox 1737 2568 1959 2652; x_wconf 87' lang='lat' dir='ltr'><strong>quales</strong></span> <span class='ocrx_word' id='word_1_154' title='bbox 1992 2573 2143 2633; x_wconf 89' lang='lat' dir='ltr'><strong>sunt</strong></span> <span class='ocrx_word' id='word_1_155' title='bbox 2172 2567 2526 2651; x_wconf 88' lang='lat' dir='ltr'><strong>Pelagiani,</strong></span> <span class='ocrx_word' id='word_1_156' title='bbox 2575 2574 2642 2633; x_wconf 92' lang='lat' dir='ltr'><strong>et</strong></span> 
     </span>
     <span class='ocr_line' id='line_1_20' title="bbox 395 2673 2641 2759; baseline 0 -21"><span class='ocrx_word' id='word_1_157' title='bbox 395 2674 519 2739; x_wconf 92' lang='lat' dir='ltr'><strong>hoc</strong></span> <span class='ocrx_word' id='word_1_158' title='bbox 584 2673 945 2739; x_wconf 86' lang='lat' dir='ltr'><strong>catholicis:</strong></span> <span class='ocrx_word' id='word_1_159' title='bbox 1000 2676 1226 2757; x_wconf 76' lang='lat' dir='ltr'><strong>nobiS,</strong></span> <span class='ocrx_word' id='word_1_160' title='bbox 1289 2676 1629 2759; x_wconf 90' lang='lat' dir='ltr'><strong>inquiunt,</strong></span> <span class='ocrx_word' id='word_1_161' title='bbox 1693 2674 2068 2741; x_wconf 88' lang='lat' dir='ltr'><strong>auctoribus</strong></span> <span class='ocrx_word' id='word_1_162' title='bbox 2089 2723 2108 2757; x_wconf 99' lang='lat'><strong>,</strong></span> <span class='ocrx_word' id='word_1_163' title='bbox 2168 2673 2355 2740; x_wconf 88' lang='lat' dir='ltr'><strong>nobis</strong></span> <span class='ocrx_word' id='word_1_164' title='bbox 2413 2675 2641 2759; x_wconf 88' lang='lat' dir='ltr'><strong>princi-</strong></span> 
     </span>
     <span class='ocr_line' id='line_1_21' title="bbox 396 2780 2717 2865; baseline 0 -20"><span class='ocrx_word' id='word_1_165' title='bbox 396 2780 605 2863; x_wconf 90' lang='lat' dir='ltr'><strong>pibus,</strong></span> <span class='ocrx_word' id='word_1_166' title='bbox 654 2782 841 2847; x_wconf 88' lang='lat' dir='ltr'><strong>nobis</strong></span> <span class='ocrx_word' id='word_1_167' title='bbox 890 2782 1364 2865; x_wconf 87' lang='lat' dir='ltr'><strong>expositoribus</strong></span> <span class='ocrx_word' id='word_1_168' title='bbox 1413 2783 1737 2865; x_wconf 85' lang='lat' dir='ltr'><strong>damnate,</strong></span> <span class='ocrx_word' id='word_1_169' title='bbox 1797 2802 1962 2865; x_wconf 88' lang='lat' dir='ltr'><strong>quae</strong></span> <span class='ocrx_word' id='word_1_170' title='bbox 2008 2780 2349 2863; x_wconf 91' lang='lat' dir='ltr'><strong>tenebatis,</strong></span> <span class='ocrx_word' id='word_1_171' title='bbox 2404 2787 2642 2864; x_wconf 90' lang='lat' dir='ltr'><strong>tenete,</strong></span> <span class='ocrx_word' id='word_1_172' title='bbox 2663 2808 2717 2846; x_wconf 84' lang='lat'><strong>20</strong></span> 
     </span>
     <span class='ocr_line' id='line_1_22' title="bbox 399 2887 2644 2976; baseline 0 -25"><span class='ocrx_word' id='word_1_173' title='bbox 399 2909 564 2970; x_wconf 94' lang='lat' dir='ltr'><strong>quae</strong></span> <span class='ocrx_word' id='word_1_174' title='bbox 615 2887 1045 2970; x_wconf 89' lang='lat' dir='ltr'><strong>damnabatis,</strong></span> <span class='ocrx_word' id='word_1_175' title='bbox 1095 2889 1340 2976; x_wconf 86' lang='lat' dir='ltr'><strong>reiicite</strong></span> <span class='ocrx_word' id='word_1_176' title='bbox 1386 2890 1723 2972; x_wconf 89' lang='lat' dir='ltr'><strong>antiquam</strong></span> <span class='ocrx_word' id='word_1_177' title='bbox 1761 2888 1977 2972; x_wconf 91' lang='lat' dir='ltr'><strong>fidem,</strong></span> <span class='ocrx_word' id='word_1_178' title='bbox 2025 2893 2302 2971; x_wconf 89' lang='lat' dir='ltr'><strong>paterna</strong></span> <span class='ocrx_word' id='word_1_179' title='bbox 2330 2889 2644 2969; x_wconf 88' lang='lat' dir='ltr'><strong>instituta,</strong></span> 
     </span>
     <span class='ocr_line' id='line_1_23' title="bbox 398 2994 2646 3078; baseline -0 -20"><span class='ocrx_word' id='word_1_180' title='bbox 398 2995 716 3059; x_wconf 91' lang='lat' dir='ltr'><strong>maiorum</strong></span> <span class='ocrx_word' id='word_1_181' title='bbox 780 2994 1111 3078; x_wconf 91' lang='lat' dir='ltr'><strong>deposita,</strong></span> <span class='ocrx_word' id='word_1_182' title='bbox 1177 3002 1243 3060; x_wconf 91' lang='lat' dir='ltr'><strong>et</strong></span> <span class='ocrx_word' id='word_1_183' title='bbox 1302 2997 1570 3078; x_wconf 90' lang='lat' dir='ltr'><strong>recipite</strong></span> <span class='ocrx_word' id='word_1_184' title='bbox 1632 3034 1721 3042; x_wconf 91' lang='lat'><strong>—-</strong></span> <span class='ocrx_word' id='word_1_185' title='bbox 1784 3016 2104 3078; x_wconf 91' lang='lat' dir='ltr'><strong>quaenam</strong></span> <span class='ocrx_word' id='word_1_186' title='bbox 2163 2995 2271 3059; x_wconf 88' lang='lat' dir='ltr'><strong>illa</strong></span> <span class='ocrx_word' id='word_1_187' title='bbox 2328 2995 2594 3060; x_wconf 92' lang='lat' dir='ltr'><strong>tandem</strong></span> <span class='ocrx_word' id='word_1_188' title='bbox 2612 2994 2646 3057; x_wconf 68' lang='lat' dir='ltr'>P</span> 
     </span>
     <span class='ocr_line' id='line_1_24' title="bbox 400 3101 2645 3187; baseline 0.001 -22"><span class='ocrx_word' id='word_1_189' title='bbox 400 3101 663 3166; x_wconf 89' lang='lat' dir='ltr'><strong>Horreo</strong></span> <span class='ocrx_word' id='word_1_190' title='bbox 716 3102 949 3186; x_wconf 88' lang='lat' dir='ltr'><strong>dicere,</strong></span> <span class='ocrx_word' id='word_1_191' title='bbox 1009 3108 1160 3167; x_wconf 91' lang='lat' dir='ltr'><strong>sunt</strong></span> <span class='ocrx_word' id='word_1_192' title='bbox 1207 3103 1375 3167; x_wconf 91' lang='lat' dir='ltr'><strong>enim</strong></span> <span class='ocrx_word' id='word_1_193' title='bbox 1420 3109 1557 3168; x_wconf 90' lang='lat' dir='ltr'><strong>tam</strong></span> <span class='ocrx_word' id='word_1_194' title='bbox 1602 3102 1902 3187; x_wconf 91' lang='lat' dir='ltr'><strong>superba,</strong></span> <span class='ocrx_word' id='word_1_195' title='bbox 1958 3109 2033 3168; x_wconf 92' lang='lat' dir='ltr'><strong>ut</strong></span> <span class='ocrx_word' id='word_1_196' title='bbox 2076 3102 2231 3167; x_wconf 86' lang='lat' dir='ltr'><strong>mihi</strong></span> <span class='ocrx_word' id='word_1_197' title='bbox 2274 3123 2405 3166; x_wconf 95' lang='lat' dir='ltr'><strong>non</strong></span> <span class='ocrx_word' id='word_1_198' title='bbox 2450 3101 2645 3167; x_wconf 91' lang='lat' dir='ltr'><strong>modo</strong></span> 
     </span>
     <span class='ocr_line' id='line_1_25' title="bbox 402 3208 2646 3293; baseline -0 -21"><span class='ocrx_word' id='word_1_199' title='bbox 402 3208 731 3273; x_wconf 87' lang='lat' dir='ltr'><strong>adfirmari</strong></span> <span class='ocrx_word' id='word_1_200' title='bbox 792 3209 906 3275; x_wconf 83' lang='lat' dir='ltr'><strong>sed</strong></span> <span class='ocrx_word' id='word_1_201' title='bbox 972 3230 1053 3274; x_wconf 92' lang='lat' dir='ltr'><strong>ne</strong></span> <span class='ocrx_word' id='word_1_202' title='bbox 1106 3209 1315 3276; x_wconf 86' lang='lat' dir='ltr'><strong>refelli</strong></span> <span class='ocrx_word' id='word_1_203' title='bbox 1378 3210 1637 3293; x_wconf 91' lang='lat' dir='ltr'><strong>quidem</strong></span> <span class='ocrx_word' id='word_1_204' title='bbox 1704 3210 1839 3274; x_wconf 88' lang='lat' dir='ltr'><strong>sine</strong></span> <span class='ocrx_word' id='word_1_205' title='bbox 1886 3209 2106 3292; x_wconf 93' lang='lat' dir='ltr'><strong>aliquo</strong></span> <span class='ocrx_word' id='word_1_206' title='bbox 2154 3209 2409 3293; x_wconf 91' lang='lat' dir='ltr'><strong>piaculo</strong></span> <span class='ocrx_word' id='word_1_207' title='bbox 2456 3227 2646 3292; x_wconf 88' lang='lat' dir='ltr'><strong>posse</strong></span> 
     </span>
     <span class='ocr_line' id='line_1_26' title="bbox 402 3316 2720 3381; baseline 0.001 -3"><span class='ocrx_word' id='word_1_208' title='bbox 402 3316 758 3381; x_wconf 87' lang='lat' dir='ltr'><strong>videantur.</strong></span> <span class='ocrx_word' id='word_1_209' title='bbox 2665 3338 2720 3380; x_wconf 81' lang='lat'><strong>25</strong></span> 
     </span>
    </p>

    <p class='ocr_par' dir='ltr' id='par_1_5' title="bbox 405 3422 2723 3935">
     <span class='ocr_line' id='line_1_27' title="bbox 581 3422 2648 3508; baseline -0.001 -21"><span class='ocrx_word' id='word_1_210' title='bbox 581 3423 673 3487; x_wconf 90' lang='lat' dir='ltr'><strong>X.</strong></span> <span class='ocrx_word' id='word_1_211' title='bbox 697 3425 836 3507; x_wconf 88' lang='lat'><strong>(15)</strong></span> <span class='ocrx_word' id='word_1_212' title='bbox 857 3422 990 3489; x_wconf 82' lang='lat' dir='ltr'><strong>Sed</strong></span> <span class='ocrx_word' id='word_1_213' title='bbox 1013 3424 1183 3489; x_wconf 91' lang='lat' dir='ltr'><strong>dicet</strong></span> <span class='ocrx_word' id='word_1_214' title='bbox 1203 3423 1449 3507; x_wconf 89' lang='lat' dir='ltr'><strong>aliquis:</strong></span> <span class='ocrx_word' id='word_1_215' title='bbox 1473 3445 1586 3489; x_wconf 90' lang='lat' dir='ltr'><strong>cur</strong></span> <span class='ocrx_word' id='word_1_216' title='bbox 1606 3445 1758 3507; x_wconf 91' lang='lat' dir='ltr'><strong>ergo</strong></span> <span class='ocrx_word' id='word_1_217' title='bbox 1780 3443 2093 3508; x_wconf 90' lang='lat' dir='ltr'><strong>persaepe</strong></span> <span class='ocrx_word' id='word_1_218' title='bbox 2114 3422 2412 3487; x_wconf 87' lang='lat' dir='ltr'><strong>divinitus</strong></span> <span class='ocrx_word' id='word_1_219' title='bbox 2434 3422 2648 3486; x_wconf 80' lang='lat' dir='ltr'><strong>sinun-</strong></span> 
     </span>
     <span class='ocr_line' id='line_1_28' title="bbox 405 3530 2648 3615; baseline 0 -22"><span class='ocrx_word' id='word_1_220' title='bbox 405 3534 513 3593; x_wconf 91' lang='lat' dir='ltr'><strong>tur</strong></span> <span class='ocrx_word' id='word_1_221' title='bbox 561 3530 946 3596; x_wconf 87' lang='lat' dir='ltr'><strong>excellentes</strong></span> <span class='ocrx_word' id='word_1_222' title='bbox 994 3531 1314 3614; x_wconf 90' lang='lat' dir='ltr'><strong>quaedam</strong></span> <span class='ocrx_word' id='word_1_223' title='bbox 1359 3553 1676 3615; x_wconf 90' lang='lat' dir='ltr'><strong>personae</strong></span> <span class='ocrx_word' id='word_1_224' title='bbox 1720 3532 1787 3596; x_wconf 92' lang='lat' dir='ltr'><strong>in</strong></span> <span class='ocrx_word' id='word_1_225' title='bbox 1820 3530 2092 3597; x_wconf 87' lang='lat' dir='ltr'><strong>ecclesia</strong></span> <span class='ocrx_word' id='word_1_226' title='bbox 2122 3530 2513 3596; x_wconf 88' lang='lat' dir='ltr'><strong>constitutae</strong></span> <span class='ocrx_word' id='word_1_227' title='bbox 2544 3549 2648 3594; x_wconf 84' lang='lat' dir='ltr'><strong>res</strong></span> 
     </span>
     <span class='ocr_line' id='line_1_29' title="bbox 407 3637 2648 3721; baseline -0.001 -19"><span class='ocrx_word' id='word_1_228' title='bbox 407 3658 602 3702; x_wconf 87' lang='lat' dir='ltr'><strong>novas</strong></span> <span class='ocrx_word' id='word_1_229' title='bbox 667 3638 1003 3703; x_wconf 89' lang='lat' dir='ltr'><strong>catholicis</strong></span> <span class='ocrx_word' id='word_1_230' title='bbox 1065 3639 1494 3706; x_wconf 66' lang='lat' dir='ltr'><strong>adnuntiare?</strong></span> <span class='ocrx_word' id='word_1_231' title='bbox 1570 3639 1783 3704; x_wconf 86' lang='lat' dir='ltr'><strong>Recta</strong></span> <span class='ocrx_word' id='word_1_232' title='bbox 1840 3637 2263 3721; x_wconf 86' lang='lat' dir='ltr'><strong>interrogatio</strong></span> <span class='ocrx_word' id='word_1_233' title='bbox 2321 3642 2387 3702; x_wconf 92' lang='lat' dir='ltr'><strong>et</strong></span> <span class='ocrx_word' id='word_1_234' title='bbox 2435 3637 2648 3720; x_wconf 90' lang='lat' dir='ltr'><strong>digna,</strong></span> 
     </span>
     <span class='ocr_line' id='line_1_30' title="bbox 409 3744 2650 3829; baseline -0.001 -20"><span class='ocrx_word' id='word_1_235' title='bbox 409 3766 572 3827; x_wconf 90' lang='lat' dir='ltr'><strong>quae</strong></span> <span class='ocrx_word' id='word_1_236' title='bbox 620 3744 983 3826; x_wconf 81' lang='lat' dir='ltr'><strong>diligentius</strong></span> <span class='ocrx_word' id='word_1_237' title='bbox 1029 3751 1225 3829; x_wconf 91' lang='lat' dir='ltr'><strong>atque</strong></span> <span class='ocrx_word' id='word_1_238' title='bbox 1270 3747 1530 3812; x_wconf 89' lang='lat' dir='ltr'><strong>uberius</strong></span> <span class='ocrx_word' id='word_1_239' title='bbox 1575 3750 2047 3829; x_wconf 78' lang='lat' dir='ltr'><strong>pertractetur3</strong></span> <span class='ocrx_word' id='word_1_240' title='bbox 2106 3745 2208 3809; x_wconf 91' lang='lat' dir='ltr'><strong>cui</strong></span> <span class='ocrx_word' id='word_1_241' title='bbox 2254 3750 2472 3809; x_wconf 91' lang='lat' dir='ltr'><strong>tamen</strong></span> <span class='ocrx_word' id='word_1_242' title='bbox 2517 3764 2650 3810; x_wconf 92' lang='lat' dir='ltr'><strong>non</strong></span> 
     </span>
     <span class='ocr_line' id='line_1_31' title="bbox 408 3838 2723 3935; baseline -0 -22"><span class='ocrx_word' id='word_1_243' title='bbox 408 3851 662 3933; x_wconf 91' lang='lat' dir='ltr'><strong>ingenio</strong></span> <span class='ocrx_word' id='word_1_244' title='bbox 709 3854 1011 3935; x_wconf 89' lang='lat' dir='ltr'><strong>proprio,</strong></span> <span class='ocrx_word' id='word_1_245' title='bbox 1061 3852 1177 3917; x_wconf 90' lang='lat' dir='ltr'><strong>sed</strong></span> <span class='ocrx_word' id='word_1_246' title='bbox 1241 3853 1489 3919; x_wconf 88' lang='lat' dir='ltr'><strong>divinae</strong></span> <span class='ocrx_word' id='word_1_247' title='bbox 1535 3851 1732 3935; x_wconf 86' lang='lat' dir='ltr'><strong>Legis</strong></span> <span class='ocrx_word' id='word_1_248' title='bbox 1778 3838 2188 3934; x_wconf 85' lang='lat' dir='ltr'><strong>auctoritate,</strong></span> <span class='ocrx_word' id='word_1_249' title='bbox 2239 3849 2652 3917; x_wconf 89' lang='lat' dir='ltr'><strong>ecclesiastici</strong></span> <span class='ocrx_word' id='word_1_250' title='bbox 2670 3874 2723 3913; x_wconf 81' lang='lat'><strong>30</strong></span> 
     </span>
    </p>
   </div>
   <div class='ocr_carea' id='block_1_5' title="bbox 410 4015 837 4023">
    <p class='ocr_par' dir='ltr' id='par_1_6' title="bbox 410 4015 837 4023">
     <span class='ocr_line' id='line_1_32' title="bbox 410 4015 837 4023; baseline 0 0"><span class='ocrx_word' id='word_1_251' title='bbox 410 4015 837 4023; x_wconf 95' lang='lat' dir='ltr'><strong> </strong></span> 
     </span>
    </p>
   </div>
   <div class='ocr_carea' id='block_1_6' title="bbox 415 4097 2651 4257">
    <p class='ocr_par' dir='ltr' id='par_1_7' title="bbox 415 4097 2651 4257">
     <span class='ocr_line' id='line_1_33' title="bbox 592 4097 2651 4172; baseline -0.003 -16"><span class='ocrx_word' id='word_1_252' title='bbox 592 4104 661 4157; x_wconf 88' lang='lat'><strong>14</strong></span> <span class='ocrx_word' id='word_1_253' title='bbox 684 4101 813 4156; x_wconf 88' lang='lat' dir='ltr'><strong>Act.</strong></span> <span class='ocrx_word' id='word_1_254' title='bbox 841 4103 892 4170; x_wconf 90' lang='lat'><strong>9,</strong></span> <span class='ocrx_word' id='word_1_255' title='bbox 920 4102 1004 4156; x_wconf 85' lang='lat'><strong>15.</strong></span> <span class='ocrx_word' id='word_1_256' title='bbox 1167 4103 1234 4156; x_wconf 84' lang='lat'><strong>15</strong></span> <span class='ocrx_word' id='word_1_257' title='bbox 1259 4104 1309 4156; x_wconf 82' lang='lat'><strong>2.</strong></span> <span class='ocrx_word' id='word_1_258' title='bbox 1336 4101 1478 4156; x_wconf 89' lang='lat' dir='ltr'><strong>Tim.</strong></span> <span class='ocrx_word' id='word_1_259' title='bbox 1507 4104 1555 4170; x_wconf 89' lang='lat'><strong>1,</strong></span> <span class='ocrx_word' id='word_1_260' title='bbox 1585 4103 1647 4156; x_wconf 92' lang='lat'><strong>11</strong></span> <span class='ocrx_word' id='word_1_261' title='bbox 1677 4100 1752 4172; x_wconf 92' lang='lat'><strong>(1.</strong></span> <span class='ocrx_word' id='word_1_262' title='bbox 1777 4100 1919 4154; x_wconf 88' lang='lat' dir='ltr'><strong>Tim.</strong></span> <span class='ocrx_word' id='word_1_263' title='bbox 1947 4103 1997 4167; x_wconf 77' lang='lat'><strong>2,</strong></span> <span class='ocrx_word' id='word_1_264' title='bbox 2024 4099 2099 4170; x_wconf 88' lang='grc'><strong>7).</strong></span> <span class='ocrx_word' id='word_1_265' title='bbox 2259 4101 2326 4152; x_wconf 91' lang='grc'><strong>16</strong></span> <span class='ocrx_word' id='word_1_266' title='bbox 2353 4099 2422 4154; x_wconf 87' lang='lat' dir='ltr'><strong>cf.</strong></span> <span class='ocrx_word' id='word_1_267' title='bbox 2447 4101 2497 4155; x_wconf 77' lang='lat'><strong>2.</strong></span> <span class='ocrx_word' id='word_1_268' title='bbox 2525 4097 2651 4152; x_wconf 83' lang='lat' dir='ltr'><strong>Gor.</strong></span> 
     </span>
     <span class='ocr_line' id='line_1_34' title="bbox 415 4189 2036 4257; baseline -0.001 -14"><span class='ocrx_word' id='word_1_269' title='bbox 415 4191 498 4257; x_wconf 80' lang='lat'><strong>12,</strong></span> <span class='ocrx_word' id='word_1_270' title='bbox 537 4192 696 4245; x_wconf 78' lang='lat'>2—4.</span> <span class='ocrx_word' id='word_1_271' title='bbox 915 4192 983 4244; x_wconf 86' lang='lat'><strong>17</strong></span> <span class='ocrx_word' id='word_1_272' title='bbox 1019 4189 1198 4245; x_wconf 85' lang='lat' dir='ltr'><strong>Exod.</strong></span> <span class='ocrx_word' id='word_1_273' title='bbox 1237 4194 1287 4246; x_wconf 87' lang='grc'><strong>8.</strong></span> <span class='ocrx_word' id='word_1_274' title='bbox 1506 4191 1574 4243; x_wconf 91' lang='grc'><strong>18</strong></span> <span class='ocrx_word' id='word_1_275' title='bbox 1610 4189 1823 4245; x_wconf 87' lang='lat' dir='ltr'><strong>Eccles.</strong></span> <span class='ocrx_word' id='word_1_276' title='bbox 1864 4191 1948 4257; x_wconf 90' lang='lat'><strong>10,</strong></span> <span class='ocrx_word' id='word_1_277' title='bbox 1988 4191 2036 4242; x_wconf 93' lang='lat'><strong>1.</strong></span> 
     </span>
    </p>
   </div>
  </div>
 </body>
</html>
