3292 5109
653 535 731 594 10
1519 528 1639 583 VH
1677 467 1998 598 (ln—(12).

643 696 893 756 tantam
950 690 1163 755 laesae
1222 690 1480 774 pietatis
1539 692 1774 755 meruit
1835 690 2179 773 offensam,
2242 695 2319 755 ut
2383 690 2577 755 etiam
2642 687 2892 772 posteri

641 798 838 881 ipsius
869 799 1122 881 peccati
1154 799 1252 862 sui
1281 797 1636 863 maledictis
1670 798 2130 882 obligarentur,
2175 797 2383 864 beatis
2414 798 2541 862 illis
2571 796 2884 862 fratribus

643 904 913 968 multum
958 905 1279 988 longeque
1326 904 1645 968 dissimilis
1665 955 1680 985 ‚
1744 906 1855 988 qui
1899 904 2260 970 nuditatem
2302 905 2510 988 ipsam
2555 904 2890 969 reverendi

642 1012 848 1094 patris
892 1032 1103 1094 neque
1151 1011 1280 1075 suis
1325 1016 1641 1077 temerare
1689 1011 1886 1076 oculis
1931 1033 2142 1094 neque
2187 1012 2409 1077 alienis
2439 1017 2668 1094 patere
2710 1011 2889 1076 volu-

597 1125 864 1201 5erunt,
914 1118 1026 1184 sed
1074 1119 1313 1200 aversi,
1361 1125 1434 1183 ut
1481 1120 1814 1200 scribitur,
1863 1124 2164 1184 texerunt
2211 1141 2387 1200 eum,
2438 1155 2524 1165 -
2572 1119 2747 1201 quod
2794 1123 2896 1182 est

644 1231 931 1291 erratum
977 1227 1187 1291 sancti
1230 1227 1348 1291 viri
1393 1248 1513 1290 nec
1559 1227 1956 1311 adprobasse
2003 1248 2119 1291 nec
2164 1226 2525 1310 prodidisse
2558 1264 2646 1274 ——-
2692 1232 2891 1308 atque

640 1335 884 1400 idcirco
954 1336 1150 1400 beata
1203 1336 1271 1399 in
1338 1340 1635 1417 posteros
1692 1334 2138 1401 benedictione
2198 1334 2424 1399 donati
2481 1339 2650 1398 sunt.
2761 1331 2893 1398 Sed

644 1442 730 1507 ad
774 1443 1181 1525 propositum
1226 1442 1584 1507 redeamus,

819 1549 963 1634 (12)
1010 1548 1255 1631 Magno
1301 1549 1496 1632 igitur
1539 1554 1717 1614 metu
1759 1548 1946 1615 nobis
1977 1550 2353 1615 immutatae
2384 1547 2536 1613 fidei
2575 1569 2652 1613 ao
2695 1552 2893 1613 teme-

573 1681 623 1720 10
642 1660 822 1720 ratae
853 1655 1176 1738 religionis
1208 1656 1533 1738 piaculum
1560 1655 2141 1738 pertimescendum
2177 1661 2296 1739 est,
2344 1677 2384 1720 a
2425 1677 2553 1739 quo
2599 1676 2720 1720 nos
2766 1676 2895 1720 non

643 1762 849 1827 solum
881 1763 1354 1827 constitutionis
1389 1763 1862 1828 ecclesiasticae
1898 1762 2233 1845 disciplina
2264 1763 2377 1827 sed
2408 1764 2600 1827 etiam
2625 1783 2894 1827 censura

641 1870 1038 1952 apostolicae
1087 1871 1374 1936 deterret
1405 1870 1836 1935 auctoritatis.
1907 1869 2156 1936 Scitum
2201 1870 2441 1935 etenim
2486 1871 2736 1933 cunctis
2770 1873 2889 1949 est,

643 2000 836 2061 quam
884 1979 1178 2061 graviter,
1229 2000 1421 2061 quam
1470 1999 1707 2058 severe,
1758 1999 1950 2059 quam
1993 1977 2403 2042 vehementer
2447 1976 2782 2041 invehatur
2827 1976 2895 2038 in

646 2086 958 2168 quosdam
1005 2085 1234 2151 beatus
1282 2086 1620 2169 apostolus
1652 2085 1918 2167 PauluS,
1968 2085 2076 2168 qui
2121 2084 2283 2148 mira
2329 2084 2588 2148 levitate
2631 2082 2895 2146 nimium

573 2213 625 2253 15
647 2203 778 2258 cito
827 2193 1138 2258 translati
1182 2192 1439 2257 fuerant
1486 2196 1566 2257 ab
1617 2213 1718 2273 ec,
1767 2199 1882 2273 qui
1928 2212 2043 2257 eos
2074 2201 2438 2257 vocaverat
2483 2198 2555 2255 in
2598 2196 2894 2271 qratiam

657 2301 925 2380 Christi,
976 2308 1048 2364 in
1081 2304 1271 2365 aliud
1299 2304 1736 2380 evanqelium‚
1783 2302 1962 2379 quod
1994 2319 2127 2363 non
2174 2308 2278 2363 est
2324 2301 2535 2378 aliud,
2582 2297 2693 2379 qui
2740 2316 2890 2361 coa-

648 2413 992 2472 cervarant
1038 2409 1171 2470 sibi
1216 2414 1579 2487 mayistros
1627 2410 1721 2470 ad
1763 2427 1890 2470 sua
1935 2409 2301 2487 desideria,
2348 2426 2390 2468 a
2421 2412 2706 2470 veritate
2752 2410 2892 2484 qui-

647 2518 793 2580 dem
829 2518 1127 2579 auditum
1161 2523 1553 2594 avertenteS,
1602 2513 1898 2578 conversi
1929 2534 2079 2576 vero
2115 2516 2206 2577 ad
2238 2515 2537 2593 fabulas,
2577 2515 2896 2576 habentes

647 2625 1177 2701 damnationem,
1226 2624 1401 2701 quod
1435 2627 1728 2702 primam
1766 2623 1964 2699 fidem
2011 2627 2288 2684 inritam
2327 2624 2679 2700 fecissent3
2731 2639 2896 2701 quos

574 2728 1042 2811 sodeceperant
1086 2727 1181 2809 hi,
1246 2727 1325 2791 de
1388 2726 1618 2809 quibus
1666 2727 1750 2792 ad
1795 2726 2129 2791 Romanos
2174 2726 2408 2791 fratres
2456 2726 2680 2790 scribit
2723 2726 2894 2789 idem

647 2834 1011 2916 apostolus:
1061 2855 1226 2915 royo
1274 2845 1494 2899 autem
1542 2855 1682 2916 vos,
1719 2839 2006 2915 fratres,
2058 2844 2133 2899 ut
2176 2837 2546 2900 observetis
2593 2854 2730 2914 eos,
2780 2841 2895 2914 qui

647 2945 1106 3007 dissensiones
1167 2951 1236 3006 et
1281 2944 1686 3020 offendicula
1722 2952 2005 3023 praeter
2051 2945 2446 3021 doctrinam,
2514 2962 2709 3021 quam
2756 2948 2893 3022 ipsi

649 3052 1008 3132 didicistis,
1047 3053 1340 3131 faciunt,
1399 3059 1467 3113 et
1509 3053 1841 3114 declinate
1888 3053 1969 3114 ab
2017 3054 2177 3114 illis.
2272 3052 2667 3114 Huiusmodi
2714 3057 2891 3114 enim

656 3159 917 3223 Christo
950 3161 1215 3222 domino
1247 3178 1377 3221 non
1408 3164 1733 3238 serviunt,
1778 3160 1904 3221 sed
1943 3178 2066 3221 suo
2099 3164 2351 3238 centri,·
2398 3166 2465 3221 el
2500 3177 2632 3238 per
2664 3160 2893 3221 dulces

574 3290 629 3330 25
647 3285 994 3329 sermones
1059 3274 1128 3329 et
1191 3267 1686 3329 benedictiones
1754 3267 2082 3328 seducunt
2131 3267 2336 3327 corda
2405 3271 2895 3344 innocentium;

648 3380 762 3453 qui
803 3380 1060 3436 intrant
1094 3392 1225 3454 per
1256 3375 1487 3436 domos
1518 3380 1588 3435 et
1621 3377 1921 3453 captivas
1966 3374 2212 3436 ducunt
2256 3375 2691 3435 mulierculas
2741 3391 2893 3435 one-

648 3490 839 3545 ratas
886 3487 1221 3561 peccatis,
1282 3499 1452 3559 quae
1511 3480 1843 3542 ducuntur
1898 3484 2110 3543 variis
2170 3481 2565 3559 desideriis,
2624 3498 2890 3559 semper

648 3591 981 3653 discentes
1014 3598 1084 3653 et
1125 3590 1217 3651 ad
1256 3593 1606 3651 scientiam
1654 3593 1963 3651 veritatis
1994 3606 2348 3666 numquam
2388 3593 2894 3667 pervenientes;

649 3698 990 3775 vaniloqui
1035 3702 1103 3759 et
1145 3697 1570 3772 seductores,
1630 3700 1746 3774 qui
1807 3700 2158 3758 universas
2204 3695 2436 3758 domos
2475 3695 2891 3773 subvertunt,

577 3828 629 3868 30
650 3804 996 3883 docentes,
1058 3822 1226 3881 quae
1271 3821 1402 3865 non
1450 3810 1731 3882 oportet,
1783 3807 2000 3882 turpis
2046 3805 2219 3865 lucri
2260 3806 2522 3882 qratia‚·
2583 3802 2887 3864 homines

830 3946 898 3997 15
932 3944 1056 3998 Gal.
1098 3945 1145 4009 1,
1185 3944 1234 3999 6.
1261 3945 1310 3995 7.
1529 3944 1596 3996 16
1633 3945 1685 3995 2.
1722 3942 1865 3996 Tim.
1900 3945 1954 4009 4,
1993 3945 2042 3999 3.
2069 3946 2120 3996 4.
2340 3943 2409 3995 18
2448 3943 2496 3996 1.
2536 3941 2677 3995 Tim.
2716 3943 2767 4009 5,
2810 3942 2894 3994 12.

649 4035 716 4086 21
757 4033 921 4088 Rom.
952 4036 1036 4100 16,
1077 4035 1267 4089 17.1s.
1412 4035 1482 4085 26
1520 4035 1573 4086 2.
1597 4032 1741 4086 Tim.
1768 4034 1818 4098 3,
1857 4034 1906 4085 6.
1927 4035 1976 4085 7.
2122 4034 2193 4085 29
2230 4031 2339 4086 Tit.
2368 4032 2416 4097 1,
2459 4033 2542 4086 10.
2687 4032 2756 4084 29
2782 4030 2898 4083 Tit.

652 4126 698 4190 1,
741 4126 824 4178 11.
1040 4125 1111 4177 30
1146 4125 1198 4176 2.
1237 4121 1378 4176 Tim.
1418 4124 1468 4189 3,
1507 4125 1558 4178 s.
