3292 5109
657 558 737 618 12
1451 554 1604 609 VIII
1639 552 1918 626 (Im—IX
1956 556 2087 624 (14).

648 714 876 798 inquit,
926 724 1049 780 aut
1087 722 1366 798 angelus
1396 720 1480 782 de
1510 721 1716 782 eael0.
1793 715 1950 781 Non
1998 717 2148 801 quia
2194 718 2398 782 sancti
2444 718 2886 803 caelestesque

651 821 858 904 angeli
888 843 1159 904 peccare
1190 823 1318 889 iam
1347 824 1614 906 possint,
1664 824 1780 888 sed
1807 825 1931 889 hoc
1965 830 2084 907 est,
2134 824 2308 907 quod
2351 824 2536 890 dicit:
2586 826 2639 890 si
2672 827 2890 908 etiam,

648 928 889 1012 inquit,
949 927 1091 1011 fiat,
1158 930 1330 1013 quod
1387 951 1515 995 non
1573 936 1794 1012 potest
1852 929 2024 1014 fieri,
2091 932 2377 1014 quisquis
2422 932 2527 997 ille
2582 932 2890 997 traditam

653 1034 848 1099 semel
893 1034 1086 1099 fidem
1132 1041 1381 1102 mutare
1429 1038 1792 1119 tentaverit,
1842 1037 2185 1102 anathema
2232 1039 2337 1105 sit.

606 1166 633 1206 5
828 1142 969 1227 (13)
1018 1140 1148 1208 Sed
1190 1143 1350 1209 haec
1394 1143 1668 1209 forsitan
1711 1144 2151 1228 perfunctorie
2196 1145 2607 1228 praelocutus
2656 1150 2775 1228 est,
2828 1151 2895 1211 et

652 1247 931 1314 humano
963 1250 1181 1333 potius
1214 1250 1438 1315 effudit
1482 1252 1747 1334 impetu,
1796 1273 1988 1336 quam
2036 1251 2247 1316 divina
2277 1253 2529 1317 ratione
2564 1252 2896 1317 decrevit?

655 1355 871 1422 Absit.
937 1355 1244 1441 Sequitur
1276 1358 1463 1440 enim,
1497 1364 1564 1423 et
1593 1358 1720 1423 hoc
1750 1357 1962 1441 ipsum
1992 1359 2239 1441 ingenti
2268 1359 2592 1424 molimine
2622 1359 2899 1425 iteratae

654 1464 1104 1528 insinuationis
1147 1465 1462 1530 inculcat:
1511 1472 1690 1530 sieut
1720 1469 2227 1547 praede‘oez‘mm,
2292 1466 2534 1549 inquit,
2600 1477 2670 1532 et
2727 1487 2901 1531 nune

655 1577 901 1635 iterum
925 1575 1072 1637 dieo
1088 1595 1112 1635 .·
1141 1577 1207 1636 si
1228 1579 1381 1652 quis
1406 1576 1591 1637 vobis
1615 1578 2194 1654 evangelizaverit,
2219 1582 2699 1655 praeterquam
2725 1577 2905 1654 quod

585 1689 639 1739 ω’
657 1684 1047 1759 accepistis,
1101 1681 1454 1743 anathema
1498 1686 1611 1744 sit.
1673 1677 1831 1743 Non
1878 1678 2069 1743 dixit:
2134 1680 2187 1743 si
2235 1683 2377 1762 quis
2424 1678 2602 1744 vobis
2652 1679 2897 1743 adnun-

655 1784 929 1866 tiaverit,
962 1789 1417 1868 praeterquam
1440 1786 1617 1868 quod
1641 1786 1999 1869 accepistis,
2034 1785 2410 1851 benedictus
2445 1786 2548 1867 sit,
2572 1786 2897 1868 laudetur,

655 1891 1038 1974 recipiatur,
1101 1891 1247 1957 sed:
1333 1896 1688 1959 anathema
1757 1901 1887 1976 sic,
1948 1893 2190 1977 inquit,
2250 1894 2315 1958 id
2389 1899 2488 1958 est
2549 1900 2899 1976 separatus

658 2004 1033 2080 segregatus
1067 1999 1387 2081 exclusus3
1428 2022 1507 2065 ne
1539 2001 1727 2065 unius
1762 2001 1895 2065 ovis
1929 2000 2137 2065 dirum
2170 2001 2540 2083 contagium
2570 2000 2900 2065 innoxium

657 2126 913 2187 gregem
961 2104 1201 2171 Christi
1246 2112 1563 2172 venenata
1605 2108 2035 2190 permixtione
2084 2107 2501 2172 contaminet.

588 2234 640 2274 15
836 2212 967 2277 IX.
1018 2211 1150 2277 Sed
1207 2213 1481 2277 forsitan
1528 2212 1779 2278 Galatis
1835 2219 2089 2278 tantum
2133 2214 2262 2278 ista
2306 2215 2658 2297 praecepta
2705 2214 2901 2278 sunt?

659 2319 835 2402 Ergo
886 2325 950 2383 et
995 2319 1107 2383 illa
1152 2319 1301 2383 solis
1351 2318 1603 2384 Galatis
1664 2320 1981 2402 imperata
2028 2326 2207 2402 sunt,
2271 2341 2435 2403 quae
2492 2321 2558 2384 in
2619 2320 2901 2386 eiusdem

660 2425 970 2508 epistulae
1017 2424 1430 2508 sequentibus
1479 2432 2083 2508 commemorantur,
2133 2426 2348 2509 qualia
2395 2432 2544 2491 sunt
2590 2427 2788 2492 haec:
2837 2435 2903 2493 .ςὶ

659 2541 940 2599 vivimus
961 2539 1232 2614 spiritu,
1259 2540 1508 2614 spiritu
1533 2542 1599 2598 et
1617 2536 2047 2598 ambulemus.
2106 2537 2253 2598 Non
2278 2537 2648 2613 efficiamur
2672 2541 2898 2599 inanis

655 2646 919 2722 ‚alm-iae
964 2644 1206 2721 cupidi,
1256 2647 1534 2705 invicem
1571 2649 2039 2723 provocanteS,
2087 2647 2366 2705 invicem
2415 2644 2786 2706 invidentes
2837 2647 2903 2705 et

587 2773 641 2812 20
660 2746 921 2829 reliqua.
1002 2744 1190 2829 Quod
1224 2747 1277 2811 si
1308 2746 1657 2811 absurdum
1703 2753 1822 2829 est,
1872 2752 1937 2813 et
1986 2748 2277 2812 omnibus
2326 2768 2404 2810 ex
2451 2767 2657 2829 aequo
2704 2747 2904 2828 impe-

658 2859 801 2918 rata
847 2859 1027 2937 sunt,
1088 2860 1323 2937 restat,
1378 2860 1453 2918 ut
1499 2855 1667 2919 sicut
1712 2855 1873 2920 haec
1916 2876 2170 2919 morum
2215 2853 2523 2918 mandata
2564 2854 2661 2917 ita
2707 2853 2903 2918 etiam

656 2959 786 3041 illa,
835 2982 999 3043 quae
1046 2961 1125 3025 de
1173 2960 1298 3025 fide
1345 2967 1539 3027 cauta
1585 2967 1757 3043 sunt,
1808 2982 2028 3026 omnes
2073 2961 2217 3044 pari
2246 2960 2441 3025 modo
2484 2961 2902 3043 comprehen-

660 3067 837 3150 dant,
866 3068 1006 3154 (14)
1038 3074 1104 3133 et
1137 3069 1302 3133 sicut
1331 3068 1567 3132 nemini
1595 3068 1751 3134 licet
1782 3070 2048 3133 invicem
2079 3089 2432 3152 provocare
2464 3073 2579 3132 aut
2616 3067 2902 3131 invidere

656 3175 944 3258 invicem,
990 3176 1085 3240 ita
1129 3175 1363 3239 nemini
1406 3175 1601 3239 liceat
1626 3182 1889 3258 praeter
1933 3176 2021 3258 id,
2070 3175 2243 3258 quod
2276 3174 2545 3240 ecclesia
2578 3173 2900 3238 catholica

587 3305 642 3346 25
659 3303 1119 3366 usquequaque
1166 3281 1578 3364 evangelizat,
1627 3283 1941 3365 accipere.

838 3390 980 3454 Aut
1009 3388 1277 3455 forsitan
1318 3396 1473 3455 tunc
1514 3389 1876 3471 iubebatur,
1927 3390 1982 3453 si
2019 3390 2160 3472 quis
2207 3389 2674 3469 adnuntiasset,
2722 3408 2903 3471 prae-

658 3501 953 3578 terquam
986 3498 1161 3581 quod
1191 3496 1641 3562 adnuntiatum
1664 3497 1899 3579 fuerat,
1934 3496 2348 3577 anathemari,
2384 3516 2555 3560 nunc
2585 3517 2737 3560 vero
2770 3495 2901 3560 iam

656 3624 788 3668 non
831 3603 1134 3669 iubetur?
1197 3605 1375 3687 Ergo
1409 3609 1474 3670 et
1518 3604 1698 3687 illud,
1747 3605 1924 3688 quod
1969 3604 2122 3668 item
2167 3603 2258 3668 ibi
2287 3604 2409 3669 ait:
2460 3607 2607 3669 dieo
2641 3613 2903 3668 autem:

660 3718 907 3794 spiritu
939 3715 1293 3794 ambulate,
1325 3721 1394 3777 ec
1435 3715 1843 3778 desiderium
1877 3718 2105 3777 earnis
2147 3732 2278 3776 non
2318 3715 2707 3794 perficietis,
2738 3714 2897 3773 tunc

589 3822 914 3882 sotantum
972 3817 1342 3901 iubebatur,
1408 3818 1600 3883 modo
1665 3839 1818 3885 vero
1884 3818 2012 3882 iam
2080 3838 2213 3882 non
2279 3816 2558 3881 iubetur.
2653 3808 2905 3900 Quodsi

841 4069 874 4120 8
911 4066 1035 4122 Gal.
1076 4068 1125 4135 1,
1162 4068 1213 4119 9.
1450 4068 1517 4120 13
1556 4065 1624 4122 cf.
1663 4065 1795 4121 Joh.
1836 4066 1920 4131 10,
1961 4066 1990 4118 1
2013 4082 2132 4133 sqq.
2376 4066 2441 4117 17
2481 4062 2603 4119 Gal.
2642 4064 2693 4130 5,
2731 4063 2800 4116 25
2822 4080 2905 4131 sq.

662 4158 732 4210 28
771 4155 892 4210 Gal.
931 4157 983 4225 5,
1025 4158 1107 4210 16.
