3292 5109
645 568 731 631 34
1479 564 1692 619 xxm
1728 564 2046 633 (26)-(29).

642 726 903 809 quidem
947 725 1033 790 ad
1069 724 1430 808 profectum
1464 726 1767 809 pertinet,
1816 731 1889 789 ut
1941 725 2009 788 in
2064 725 2413 808 semetipsa
2466 747 2896 809 unaquaeque

639 851 744 898 res
790 830 1237 916 amplificetur,
1286 831 1372 896 ad
1419 832 1966 915 permutationem
2010 853 2184 913 vero,
2233 838 2308 896 ut
2353 832 2597 915 aliquid
2644 854 2724 897 ex
2769 833 2894 898 alio

638 940 708 1003 in
773 938 947 1004 aliud
1012 944 1502 1004 transvertatur.
1595 938 1870 1005 Crescat
1933 939 2133 1021 igitur
2197 944 2462 1022 oportet
2510 944 2576 1004 et
2622 939 2897 1003 multum

639 1045 1172 1129 vehementerque
1217 1044 1514 1129 proficiat
1559 1052 1695 1111 tam
1741 1045 2140 1128 singulorum
2171 1066 2365 1128 quam
2398 1047 2703 1127 omnium,
2754 1051 2891 1111 tam

595 1152 826 1220 sunius
871 1152 1145 1217 hominis
1210 1173 1405 1236 quam
1469 1153 1675 1218 totius
1722 1153 2032 1218 ecclesiae
2083 1190 2162 1200 —
2214 1159 2498 1218 aetatum
2546 1173 2625 1217 ac
2673 1174 2894 1218 saecu·

640 1259 851 1323 lorum
918 1258 1224 1343 gradibus
1269 1298 1356 1309 -—
1402 1259 1857 1343 intelligentia,
1920 1259 2217 1341 scientia,
2281 1260 2620 1343 sapientia,
2667 1260 2784 1324 sed
2827 1260 2894 1323 in

641 1387 757 1431 suo
829 1365 1167 1431 dumtaxat
1236 1387 1501 1448 genere,
1557 1367 1626 1431 in
1695 1366 1923 1432 eodem
1979 1367 2223 1431 scilicet
2270 1367 2595 1449 dogmate,
2663 1366 2891 1431 eodem

641 1492 834 1536 sensu
881 1472 1236 1555 eademque
1284 1473 1625 1537 sententia.

819 1579 959 1664 (29)
995 1578 1301 1645 Imitetur
1323 1580 1681 1644 animarum
1701 1579 1927 1663 religio
1960 1580 2281 1646 rationem
2306 1601 2668 1663 corporum,
2704 1601 2888 1662 quae,

570 1718 621 1758 10
639 1685 792 1750 licet
836 1707 1154 1751 annorum
1199 1708 1509 1770 processu
1553 1707 1859 1752 numeros
1906 1708 2058 1752 suos
2107 1687 2400 1753 evolvant
2447 1691 2511 1751 et
2550 1687 2887 1770 explicent,

641 1792 864 1858 eadem
897 1798 1138 1876 tamen,
1188 1815 1353 1876 quae
1386 1801 1589 1873 erant,
1638 1800 2039 1878 permanent.
2108 1792 2394 1858 Multum
2422 1794 2689 1858 interest
2718 1793 2889 1858 inter

639 1899 957 1982 pueritiae
1025 1899 1249 1966 florem
1320 1907 1387 1965 et
1443 1902 1794 1966 senectutis
1839 1901 2318 1981 maturitatem,
2368 1900 2483 1964 sed
2528 1899 2720 1965 iidem
2766 1899 2888 1982 ipsi

637 2005 802 2070 fiunt
848 2027 1051 2090 senes,
1102 2008 1213 2090 qui
1242 2007 1501 2073 fuerant
1532 2008 2003 2089 adulescentes,
2052 2013 2145 2089 ut,
2189 2008 2475 2090 quamvis
2505 2007 2692 2071 unius
2725 2007 2887 2070 eius-

639 2112 911 2196 demque
943 2114 1217 2179 hominis
1252 2120 1459 2179 status
1491 2114 1878 2198 habitusque
1900 2120 2208 2197 mutetur,
2256 2136 2386 2180 una
2415 2119 2633 2179 tamen
2665 2113 2886 2178 nihilo-

559 2249 617 2289 15
638 2220 843 2284 minus
891 2220 1244 2304 eademque
1291 2227 1547 2304 natura,
1595 2245 1726 2287 una
1771 2222 2124 2305 eademque
2172 2242 2452 2304 persona
2491 2221 2595 2289 sit.
2673 2220 2889 2306 Parva

635 2326 1014 2392 lactentium
1040 2328 1349 2410 membra,
1396 2350 1629 2411 magna
1658 2330 1987 2394 iuvenum:
2038 2328 2263 2393 eadem
2291 2328 2436 2411 ipsa
2464 2333 2616 2392 sunt
2645 2333 2883 2392 tamen.

636 2430 814 2516 Quot
859 2435 1275 2517 parvulorum
1307 2441 1508 2518 artus,
1556 2440 1661 2501 tot
1694 2438 1995 2518 virorum,
2030 2441 2095 2500 et
2128 2436 2181 2500 si
2214 2456 2342 2518 qua
2368 2435 2479 2499 illa
2511 2440 2683 2517 sunt,
2718 2455 2884 2516 quae

635 2542 776 2606 aevi
838 2543 1211 2607 maturioris
1281 2548 1498 2608 aetate
1564 2544 1925 2626 pariuntur,
1970 2544 2101 2607 iam
2166 2543 2231 2606 in
2302 2542 2561 2607 seminis
2630 2543 2884 2607 ratione

633 2655 935 2730 proserta
979 2654 1146 2730 sunt,
1195 2654 1270 2713 ut
1313 2649 1470 2713 nihil
1515 2671 1753 2715 novum
1798 2655 2029 2732 postea
2073 2648 2445 2732 proferatur
2488 2649 2555 2712 in
2603 2648 2882 2730 senibus,

562 2755 813 2836 soquod
860 2775 989 2820 non
1035 2755 1100 2818 in
1144 2757 1361 2838 pueris
1405 2757 1532 2821 iam
1580 2762 1732 2822 ante
1780 2757 2149 2822 latitaverit.
2216 2756 2405 2822 Unde
2452 2776 2585 2821 non
2617 2754 2879 2820 dubium

637 2867 756 2943 est,
803 2861 970 2926 hanc
1018 2883 1158 2927 esse
1190 2863 1544 2945 legitimam
1575 2869 1640 2929 et
1672 2870 1917 2929 rectam
1946 2862 2327 2948 proficiendi
2356 2862 2665 2945 regulam,
2713 2863 2883 2927 hunc

635 2974 850 3033 ratum
896 2975 1091 3051 atque
1136 2969 1634 3051 pulcherrimum
1681 2971 2013 3036 crescendi
2045 2970 2355 3051 ordinem,
2405 2970 2460 3034 si
2490 2991 2600 3035 eas
2632 2991 2885 3052 semper

633 3075 700 3139 in
747 3075 1197 3156 grandioribus
1243 3083 1464 3158 partes
1526 3098 1602 3141 ac
1651 3077 1892 3143 formas
1949 3098 2250 3142 numerus
2308 3078 2572 3141 detexat
2627 3077 2881 3157 aetatiS,

637 3204 796 3265 quas
842 3183 909 3247 in
964 3182 1248 3265 parvulis
1304 3185 1617 3249 creatoris
1680 3184 1996 3266 sapientia
2048 3183 2558 3267 praeliciaverat.
2632 3180 2883 3266 Quodsi

563 3312 617 3354 25
634 3290 915 3354 humana
961 3290 1205 3373 species
1251 3289 1319 3353 in
1366 3289 1647 3373 aliquam
1694 3290 1995 3372 deinceps
2055 3311 2186 3354 non
2234 3291 2332 3354 sui
2377 3289 2628 3374 generis
2674 3295 2882 3354 verta-

636 3403 743 3461 tur
789 3396 1063 3479 effigiem
1081 3445 1099 3478 ,
1170 3402 1284 3460 aut
1356 3402 1531 3461 certe
1579 3397 1859 3461 addatur
1905 3395 2237 3479 quidpiam
2280 3395 2717 3462 membrorum
2761 3419 2877 3461 nu-

635 3525 812 3569 mero
861 3503 960 3568 vel
1006 3503 1403 3582 detrahatur,
1452 3524 1715 3569 necesse
1762 3509 1880 3585 est,
1928 3508 2003 3566 ut
2041 3507 2250 3567 totum
2285 3524 2522 3585 corpus
2555 3502 2656 3568 vel
2684 3502 2881 3567 inter-

638 3611 814 3676 cidat
860 3610 958 3675 vel
1002 3609 1445 3694 prodigiosum
1502 3609 1617 3675 fiat
1674 3610 1775 3675 vel
1822 3615 1996 3674 certe
2046 3609 2439 3675 debilitetur.
2527 3610 2639 3673 Ita
2685 3609 2881 3673 etiam

638 3718 1026 3783 christianae
1070 3716 1395 3799 religionis
1442 3717 1681 3798 dogma
1724 3723 2035 3801 sequatur
2079 3717 2196 3781 has
2244 3717 2432 3783 decet
2471 3717 2882 3799 profectuum

565 3825 830 3907 solegeS,
877 3829 953 3888 ut
984 3823 1167 3889 annis
1199 3822 1441 3887 scilicet
1480 3822 1940 3907 consolidetur,
1990 3823 2300 3888 dilatetur
2328 3829 2638 3906 tempore,
2689 3822 2882 3888 subli-

635 3938 851 3998 metur
895 3935 1141 4013 aetate,
1209 3930 1658 4012 incorruptum
1704 3936 1921 3995 tamen
1981 3930 2446 4012 inlibatamque
2500 3934 2882 4012 permaneat

815 4162 849 4213 5
887 4159 953 4215 cf.
993 4160 1111 4216 Col.
1140 4163 1188 4228 1,
1225 4162 1330 4215 26⁴?
