3292 5109
1260 558 1350 613 x1
1387 551 1703 635 (16)-5x11
1740 557 1875 628 (17).
2285 606 2289 609 .
2598 559 2677 623 17

431 721 701 804 triginta
745 743 877 786 non
907 722 1115 786 minus
1145 720 1479 802 librorum,
1526 719 1993 786 nobilissimum
2040 725 2106 785 et
2136 721 2503 802 maximum,
2554 741 2680 803 quo

433 830 693 895 insanas
739 828 1085 913 Porphyrii
1131 827 1481 893 calumnias
1533 850 1770 911 magna
1813 828 2270 911 probationum
2317 829 2485 893 mole
2531 848 2682 892 con-

433 937 620 1004 fudit.
712 935 1015 1019 Longum
1088 942 1190 1001 est
1258 938 1556 1001 universa
1620 935 1822 1019 ipsius
1894 957 2094 1018 opera
2160 955 2680 1015 commemorare,

437 1042 668 1126 quibus
736 1042 1032 1127 profecto
1104 1044 1366 1108 summis
1433 1042 1955 1109 aedificatoribus
2004 1042 2330 1107 ecclesiae
2375 1064 2495 1125 par
2540 1062 2679 1106 esse

435 1151 785 1233 potuisset,
854 1151 980 1215 nisi
1045 1149 1323 1234 profana
1386 1149 1499 1215 illa
1556 1149 1926 1214 haereticae
1987 1149 2379 1214 curiositatis
2425 1149 2686 1214 libidine
2707 1172 2733 1212 5

435 1279 671 1322 novum
737 1258 955 1323 nescio
1028 1257 1183 1340 quid
1250 1257 1708 1338 adinvenisset,
1776 1278 1905 1339 quo
1974 1260 2038 1322 et
2103 1262 2369 1322 cunctos
2428 1257 2688 1322 labores

438 1386 590 1429 suos
637 1364 811 1429 velut
857 1365 1191 1429 cuiusdam
1238 1365 1455 1449 leprae
1502 1364 1899 1429 admixtione
1938 1363 2251 1446 foedaret,
2301 1370 2368 1429 et
2400 1364 2689 1429 commit-

437 1477 607 1537 teret
630 1522 646 1552 ,
717 1478 793 1536 ut
863 1472 1163 1537 doctrina
1209 1472 1345 1536 eius
1391 1492 1524 1536 non
1569 1476 1706 1536 tam
1752 1470 2116 1538 aedificatio
2168 1492 2361 1554 quam
2406 1471 2685 1536 tentatio

437 1580 655 1663 potius
703 1579 1139 1645 ecclesiastica
1187 1579 1529 1645 diceretur.

614 1686 784 1751 XII.
833 1686 966 1751 Hic
1013 1708 1053 1752 a
1097 1708 1200 1751 me
1247 1685 1520 1751 forsitan
1567 1685 1995 1769 deposcatur,
2060 1690 2136 1748 ut
2191 1685 2419 1750 horum
2443 1733 2461 1766 ,
2526 1705 2690 1767 quos
2712 1704 2763 1745 10

360 1869 365 1874 ,
439 1817 638 1879 supra
705 1794 1235 1876 commemoravi,
1301 1794 1597 1882 haereses
1663 1814 2015 1875 exponam,
2072 1791 2364 1857 Nestorii
2423 1792 2690 1873 scilicet,

439 1902 840 1985 Apollinaris
887 1907 953 1965 et
997 1899 1284 1965 Photini.
1377 1900 1530 1965 Hoc
1580 1900 1838 1983 quidem
1885 1900 1971 1965 ad
2015 1922 2170 1979 rem,
2222 1899 2303 1964 de
2351 1922 2481 1983 qua
2522 1920 2693 1964 nunc

442 2011 725 2092 agimus,
797 2030 929 2072 non
998 2008 1267 2073 adtinet.
1361 2006 1782 2091 Propositum
1842 2007 2078 2072 etenim
2142 2008 2329 2073 nobis
2376 2013 2504 2089 est,
2563 2028 2694 2071 non

443 2113 838 2198 singulorum
873 2136 1124 2180 errores
1155 2116 1474 2198 persequi,
1525 2114 1638 2179 sed
1669 2136 2024 2198 paucorum
2056 2114 2348 2198 exempla
2377 2114 2690 2197 proferre,

443 2223 672 2306 quibus
721 2223 1047 2288 evidenter
1084 2243 1160 2288 ac
1192 2223 1529 2306 perspicue
1563 2223 2045 2287 demonstretur
2070 2222 2251 2304 illud,
2301 2223 2477 2305 quod
2507 2222 2691 2306 Moy·
2713 2246 2765 2288 1⁵

441 2351 542 2395 ses
589 2331 681 2395 ait
703 2379 719 2411 ,
792 2331 945 2413 quia
1005 2330 1282 2412 scilicet,
1351 2331 1408 2395 si
1453 2330 1711 2414 quando
1761 2330 2234 2395 ecclesiasticus
2282 2330 2512 2412 aliquis
2558 2350 2692 2394 ma—

441 2437 659 2519 gister,
708 2443 774 2503 et
802 2438 942 2520 ipse
972 2438 1475 2520 interpretandis
1505 2438 1970 2521 prophetarum
2001 2437 2319 2521 mysteriis
2350 2438 2690 2528 propheta,

439 2547 590 2611 novi
637 2546 943 2629 quiddam
988 2546 1055 2609 in
1103 2546 1435 2611 ecclesiam
1485 2546 1587 2611 dei
1632 2551 1843 2610 tentet
1888 2545 2210 2628 inducere,
2260 2545 2343 2609 ad
2389 2546 2693 2610 tentatio-

440 2674 586 2718 nem
632 2653 700 2716 id
744 2658 1034 2717 nostram
1080 2652 1220 2717 fieri
1263 2651 1671 2735 providentia
1717 2653 1930 2717 divina
1973 2652 2280 2735 patiatur.
2329 2651 2473 2738 (17)
2522 2651 2694 2716 Utile

440 2760 638 2843 igitur
660 2751 859 2823 fuerit
881 2760 947 2822 in
971 2779 1263 2840 excursu,
1299 2759 1451 2842 quid
1476 2780 1674 2841 supra
1694 2760 2033 2824 memorati
2055 2759 2364 2824 haeretici
2386 2760 2692 2840 sentiant,
2714 2786 2772 2826 20

442 2867 721 2931 breviter
769 2887 1127 2947 exponere,
1186 2866 1255 2930 id
1309 2871 1409 2930 est
1452 2864 1809 2946 Photinus,
1859 2865 2279 2949 Apollinaris,
2327 2865 2700 2934 Nestorius.

621 2972 890 3036 Photini
935 2993 1089 3055 ergo
1138 2978 1318 3037 secta
1361 2972 1522 3037 haec
1570 2978 1689 3037 est.
1758 2973 1938 3037 Dicit
1970 2973 2159 3037 deum
2192 2973 2504 3055 singulum
2555 2993 2705 3037 esse

445 3087 512 3145 et
557 3079 918 3146 solitarium
965 3086 1030 3146 et
1076 3101 1255 3145 more
1300 3079 1354 3145 J
1356 3080 1585 3145 udaico
1632 3078 2090 3144 confitendum.
2186 3080 2519 3144 Trinitatis
2564 3080 2704 3163 ple‘

446 3187 807 3252 nitudinem
852 3193 1085 3270 negat,
1155 3209 1363 3270 neque
1416 3186 1613 3252 ullam
1660 3187 1765 3251 dei
1810 3188 1988 3253 verbi
2034 3192 2147 3252 aut
2193 3186 2389 3250 ullam
2435 3187 2703 3270 spiritus

448 3294 656 3359 sancti
714 3300 904 3378 putat
964 3315 1103 3359 esse
1160 3315 1524 3378 personam.
1620 3293 1949 3359 Christum
1995 3315 2144 3358 vero
2191 3294 2510 3358 hominem
2556 3298 2698 3357 tan·
2717 3317 2771 3360 25

447 3402 779 3466 tummodo
849 3401 1209 3467 solitarium
1261 3402 1504 3468 adserit
1523 3450 1541 3483 ,
1612 3403 1718 3467 cui
1785 3402 2175 3491 principium
2242 3400 2551 3466 adscribit
2622 3422 2701 3465 ex

448 3508 690 3592 Maria3
740 3514 806 3575 et
852 3510 978 3575 hoc
1027 3509 1407 3575 omnimodis
1455 3509 1891 3592 dogmatizat,
1941 3509 2145 3573 solam
2191 3517 2312 3574 nos
2357 3529 2700 3591 personam

451 3598 554 3681 dei
600 3617 803 3699 patris
853 3623 919 3681 et
965 3617 1172 3682 solum
1203 3614 1532 3682 Christum
1578 3617 1898 3682 hominem
1944 3616 2153 3682 colere
2201 3615 2454 3681 debere.
2512 3614 2700 3679 Haec

452 3745 606 3806 ergo
653 3722 996 3791 Photinus,

629 3831 1026 3914 Apollinaris
1073 3852 1222 3896 vero
1268 3832 1335 3896 in
1379 3832 1630 3897 unitate
1679 3831 1937 3915 quidem
1981 3831 2291 3896 trinitatis
2338 3830 2523 3914 quasi
2554 3850 2700 3895 con·
2720 3854 2774 3895 30

454 3937 691 4002 sentire
724 3958 794 4002 se
824 3937 1099 4025 iactitat,
1127 3976 1212 3987 —-
1240 3943 1308 4003 et
1337 3937 1464 4005 hoc
1493 3939 1705 4022 ipsum
1736 3959 1868 4002 non
1898 3938 2090 4020 plena
2119 3936 2271 4002 fidei
2300 3938 2580 4002 sanitate
2612 3973 2700 3984 —-

634 4170 667 4220 8
706 4166 776 4222 cf.
813 4167 976 4224 Dent.
1016 4169 1103 4234 13,
1140 4169 1192 4221 3.
1418 4170 1484 4221 16
1520 4168 1686 4223 Dent.
1728 4170 1812 4237 13,
1852 4169 2009 4224 1—3.

562 4263 776 4309 Vincenz
803 4275 900 4309 von
925 4263 1165 4308 Lerinum.
2274 4277 2310 4328 2
