3292 5109
1392 576 1457 631 11
1493 576 1748 647 (1)-(3).
1961 669 1962 674 Ν
2650 582 2689 641 3

444 759 774 821 queosque
819 739 1024 802 vitare
1072 742 1137 801 et
1182 737 1249 801 in
1294 736 1421 802 fide
1469 759 1632 802 sana
1672 759 1866 802 sanus
1914 744 2111 820 atque
2156 739 2411 821 integer
2444 758 2690 820 perma-

443 849 627 927 ne're,
689 845 932 928 duplici
989 845 1184 909 modo
1244 845 1495 909 munire
1555 844 1748 910 fidem
1802 866 1984 910 suam
2041 845 2299 910 domino
2346 844 2691 910 adiuvante

445 951 729 1035 deberet,
763 953 1040 1034 primum
1072 952 1315 1016 scilicet
1347 951 1594 1016 divinae
1619 951 1814 1033 Legis
1846 953 2259 1034 auctoritate,
2293 958 2430 1015 tum
2464 951 2691 1016 deinde

445 1059 757 1124 ecclesiae
805 1059 1160 1124 catholicae
1207 1060 1574 1124 traditione.

622 1168 717 1251 (2)
740 1167 872 1230 Hic
902 1166 1174 1231 forsitan
1204 1168 1493 1249 requirat
1524 1167 1788 1249 aliquis:
1824 1165 1988 1231 Cum
2022 1166 2105 1231 sit
2135 1165 2461 1249 perfectus
2496 1167 2691 1249 scrip·
2711 1191 2737 1230 5

444 1280 738 1339 turarum
799 1295 1010 1339 canon
1072 1274 1318 1357 sibique
1379 1276 1463 1339 ad
1523 1275 1738 1339 omnia
1793 1275 1949 1339 satis
2011 1295 2333 1356 superque
2395 1272 2690 1356 sufficiat,

447 1382 601 1465 quid
662 1403 824 1465 opus
881 1388 1009 1462 est,
1075 1387 1149 1445 ut
1213 1382 1273 1445 ei
1336 1382 1809 1447 ecclesiasticae
1868 1381 2329 1463 intelligentiae
2389 1381 2696 1463 iungatur

446 1490 856 1554 auctoritas?
935 1486 1104 1571 Quia
1149 1488 1447 1554 videlicet
1511 1489 1899 1571 scripturam
1947 1510 2196 1552 sacram
2241 1510 2360 1571 pro
2408 1489 2550 1571 ipsa
2596 1488 2696 1551 sui

446 1596 786 1661 altitudine
833 1618 963 1660 non
1011 1618 1138 1661 uno
1189 1597 1541 1679 eodemque
1590 1618 1784 1661 sensu
1829 1596 2107 1660 universi
2162 1596 2518 1678 accipiunt,
2580 1595 2694 1659 sed

448 1704 731 1768 eiusdem
779 1704 1035 1787 eloquia
1081 1704 1270 1769 aliter
1315 1711 1510 1787 atque
1566 1705 1753 1769 aliter
1811 1704 1973 1768 alius
2032 1710 2229 1787 atque
2284 1704 2443 1768 alius
2499 1706 2695 1769 inter·
2716 1730 2767 1768 ιο

445 1816 759 1893 pretatur,
807 1816 882 1874 ut
928 1832 1153 1893 paene,
1205 1816 1363 1893 quot
1408 1811 1699 1875 homines
1747 1817 1919 1893 sunt,
1969 1815 2070 1875 tot
2116 1811 2290 1875 illinc
2338 1810 2695 1875 sententiae

449 1918 584 1981 erui
615 1938 808 1999 posse
839 1916 1200 1981 videantur.
1279 1916 1494 1981 Aliter
1523 1938 1800 1999 namque
1831 1918 2007 1982 illam
2036 1917 2104 1980 N
2109 1918 2462 1998 ovatianus,
2512 1917 2697 1982 aliter

450 2021 792 2105 Sabellius,
850 2022 1037 2087 aliter
1083 2023 1388 2087 Donatus
1437 2025 1717 2106 exponit,
1776 2024 1965 2089 aliter
2010 2023 2265 2104 ArriuS,
2312 2024 2693 2107 EunomiuS,

448 2128 897 2212 Macedonius,
945 2129 1132 2194 aliter
1162 2129 1497 2212 Photinus,
1529 2129 1950 2212 ApollinariS,
1996 2130 2457 2211 PriscillianuS,
2508 2131 2697 2195 aliter

450 2236 857 2319 Jovinianus,
907 2236 1225 2319 Pelagine,
1275 2234 1653 2318 CaelestiuS,
1705 2237 1893 2301 aliter
1939 2243 2271 2320 postremo
2322 2237 2693 2302 Nestorius
2717 2261 2769 2302 15

448 2345 676 2426 Atque
722 2345 965 2409 idcirco
1014 2344 1285 2408 multum
1331 2365 1594 2409 necesse
1643 2349 1743 2408 est
1787 2351 2058 2428 propter
2104 2350 2325 2409 tantos
2365 2351 2500 2409 tam
2540 2347 2698 2408 varii

451 2453 685 2517 erroris
732 2450 1107 2533 amfractus,
1171 2457 1245 2515 ut
1289 2452 1711 2534 propheticae
1760 2457 1825 2517 et
1872 2451 2268 2534 apostolicae
2314 2453 2696 2534 interpreta-

447 2561 638 2624 tionis
678 2559 846 2624 linea
885 2559 1236 2624 secundum
1270 2559 1687 2623 ecclesiastici
1720 2565 1784 2623 et
1818 2559 2120 2624 catholici
2151 2580 2374 2623 sensus
2404 2580 2699 2623 normam

451 2666 783 2749 dirigatur.

629 2775 722 2858 (3)
769 2773 850 2837 In
882 2774 1025 2855 ipsa
1054 2773 1213 2837 item
1243 2773 1566 2838 catholica
1598 2773 1867 2838 ecclesia
1912 2795 2297 2856 magnopere
2345 2774 2698 2838 curandum
2718 2797 2772 2835 20

451 2887 577 2963 est,
627 2886 702 2944 ut
745 2879 814 2943 id
860 2886 1222 2959 teneamus,
1283 2879 1456 2962 quod
1502 2879 1769 2962 ubique,
1829 2881 2005 2962 quod
2052 2901 2334 2963 semper,
2392 2880 2568 2963 quod
2615 2881 2697 2945 ab

453 2987 744 3052 omnibus
803 2986 1114 3050 creditum
1174 2991 1305 3068 est,
1369 2987 1494 3051 hoc
1540 2992 1642 3051 est
1689 2988 1922 3050 etenim
1967 3008 2116 3052 vere
2162 2988 2548 3071 proprieque
2596 3009 2698 3052 ca-

448 3094 782 3158 tholicum.
878 3090 1073 3175 Quod
1132 3093 1274 3176 ipsa
1332 3094 1426 3157 vis
1480 3094 1757 3157 nominis
1813 3094 2106 3175 ratioque
2164 3094 2474 3175 declarat,
2536 3114 2698 3176 quae

452 3201 665 3264 omnia
694 3199 827 3264 fere
858 3200 1305 3265 universaliter
1344 3200 1852 3282 comprehendit.
1950 3198 2080 3265 Sed
2127 3202 2251 3265 hoc
2298 3201 2393 3265 ita
2440 3201 2696 3265 demum

450 3306 542 3387 fit,
607 3308 661 3371 si
724 3328 1069 3389 sequamur
1127 3308 1612 3371 universitatem
1672 3308 2129 3390 antiquitatem
2189 3307 2694 3372 consensionem.
2717 3328 2769 3369 2⁵

452 3411 810 3496 Sequemur
868 3419 1088 3478 autem
1146 3415 1629 3479 universitatem
1687 3414 1813 3479 hoc
1866 3414 2094 3496 mode,
2135 3403 2215 3478 ¹si
2277 3414 2443 3477 hanc
2502 3434 2698 3477 unam

450 3519 645 3585 fidem
688 3541 902 3585 veram
952 3541 1092 3585 esse
1138 3520 1478 3603 fateamur,
1529 3543 1723 3603 quam
1769 3526 1910 3586 tota
1953 3542 2071 3603 per
2117 3520 2333 3586 orbem
2380 3525 2697 3584 terrarum

453 3627 801 3692 confitetur
861 3628 1162 3708 ecclesia,
1226 3629 1678 3711 antiquitatem
1734 3649 1884 3693 vero
1941 3629 2066 3708 ita,
2131 3628 2186 3691 si
2231 3627 2313 3692 ab
2358 3627 2457 3691 his
2504 3627 2698 3691 sensi-

449 3735 573 3798 bus
619 3734 986 3799 nullatenus
1033 3734 1434 3817 recedamUS,
1500 3757 1664 3818 quos
1724 3741 1984 3799 sanctos
2030 3736 2310 3799 maiores
2357 3755 2432 3797 ac
2480 3738 2698 3816 patres

451 3848 715 3907 nostros
776 3842 1135 3906 celebrasse
1203 3842 1626 3907 manifestum·
1685 3848 1819 3921 est,
1884 3844 2369 3907 consensionem
2441 3861 2698 3923 quoque
2718 3863 2774 3901 3⁰

450 3949 692 4031 itidem,
742 3948 798 4012 si
840 3950 908 4013 in
951 3949 1096 4032 ipsa
1140 3954 1463 4014 vetustate
1511 3949 1795 4013 omnium
1836 3948 1935 4013 vel
1969 3953 2143 4013 certe
2174 3969 2381 4031 paene
2416 3948 2699 4011 omnium

452 4057 861 4122 sacerdotum
900 4057 1146 4140 pariter
1186 4063 1252 4121 et
1292 4057 1751 4139 magistrorum
1783 4055 2186 4121 definitiones
2218 4054 2698 4136 sententiasque

453 4168 791 4227 sectemur.
1516 4165 1521 4169 ’

2271 4284 2343 4339 1*
