3292 5109
1312 573 1580 628 XXVIII
1616 573 1752 642 (40).
2512 579 2601 641 45

348 733 824 819 Apostolorum
869 734 1139 818 legimus
1199 733 1507 818 Agabum
1553 773 1636 783 —-
1701 743 1906 802 tertio
1967 740 2298 819 doctores,
2355 773 2445 786 -—
2493 736 2604 820 qui

349 846 739 908 tractatores
785 864 957 907 nunc
1002 841 1431 926 appellantur,
1480 864 1643 925 quos
1690 843 1794 907 hic
1839 842 2009 907 idem
2041 843 2376 926 apostolus
2408 842 2605 914 etiam

349 949 706 1033 prophetas
750 949 1076 1014 interdum
1122 955 1475 1033 nuncupat,
1529 971 1606 1015 eo
1640 950 1817 1034 quod
1846 971 1966 1034 per
1996 971 2107 1015 eos
2139 951 2603 1033 prophetarum

349 1057 657 1140 mysteria
700 1056 960 1140 populis
1008 1057 1400 1140 aperiantur.
1480 1056 1630 1122 Hos
1662 1078 1816 1140 ergo
1848 1058 1914 1122 in
1948 1058 2219 1123 ecclesia
2249 1057 2353 1121 dei
2384 1057 2605 1121 divini-

351 1171 456 1227 tus
501 1184 619 1246 per
662 1169 962 1246 tempora
993 1169 1060 1230 et
1105 1164 1250 1230 loca
1280 1164 1686 1248 dispensatos
1719 1165 2029 1248 quisquiS,
2061 1165 2127 1227 in
2160 1185 2351 1229 sensu
2384 1163 2602 1229 catho-
2621 1185 2649 1227 5

350 1271 456 1335 lici
503 1271 822 1353 dogmatis
869 1293 1068 1335 unum
1099 1271 1345 1354 aliquid
1389 1271 1456 1334 in
1487 1269 1746 1336 Christo
1782 1272 2153 1355 sentienteS,
2204 1277 2604 1355 contempse-

350 1378 455 1460 rit,
504 1398 632 1443 non
678 1377 1001 1443 hominem
1049 1379 1410 1443 contemnit
1455 1379 1571 1443 sed
1625 1379 1846 1461 deumz,
1895 1401 1936 1443 a
1989 1400 2267 1463 quorum
2327 1378 2607 1443 veridica

351 1485 599 1550 unitate
644 1506 726 1550 ne
775 1483 915 1568 quis
965 1486 1308 1570 discrepet,
1355 1487 1703 1570 impensius
1737 1485 2104 1551 obtestatur
2140 1486 2307 1551 idem
2341 1491 2606 1570 aposto-

350 1593 450 1657 lus
498 1593 750 1657 dicens:
802 1596 1076 1658 obsecro
1122 1604 1343 1658 autem
1380 1614 1517 1676 vos,
1556 1598 1845 1674 fraires,
1874 1604 1953 1658 uc
1993 1597 2070 1659 z‘d
2110 1601 2327 1677 ipsum
2361 1597 2608 1658 dicatis

357 1721 608 1783 onmeS,
655 1711 725 1765 ec
766 1721 899 1765 non
944 1708 1084 1765 sint
1129 1707 1200 1765 in
1233 1703 1417 1765 vobis
1447 1704 1836 1782 schismata,
1886 1708 2043 1766 silis
2073 1712 2294 1766 autem
2318 1706 2610 1783 perfecte·
2626 1730 2683 1770 10

353 1814 424 1872 in
481 1810 709 1872 eodem
770 1828 975 1871 sensu
1038 1817 1103 1871 et
1163 1815 1235 1871 in
1292 1811 1523 1872 eadem
1585 1815 1941 1874 sententia.
2037 1805 2290 1890 Quodsi
2335 1809 2477 1891 quis
2525 1808 2605 1872 ab

354 1935 578 1979 eorum
627 1913 990 1977 sententiae
1040 1915 1490 1978 communione
1553 1915 1914 1997 desciverit,
1975 1914 2195 1979 audiet
2240 1914 2397 1979 illud
2443 1915 2607 1979 eius-

356 2020 501 2084 dem
548 2019 855 2102 apostoli:
904 2040 1036 2084 non
1084 2030 1192 2085 est
1234 2024 1399 2085 deus
1446 2025 1893 2087 dissensionis
1939 2026 2065 2088 sed
2093 2029 2293 2105 pacis
2339 2022 2433 2105 (id
2479 2026 2605 2086 est:

355 2148 487 2191 non
533 2127 692 2207 einez,
761 2127 868 2209 qui
916 2148 955 2190 a
1002 2128 1446 2192 consentiendi
1491 2130 1741 2194 unitate
1790 2129 2123 2213 defecerit,
2186 2130 2301 2194 sed
2361 2152 2607 2212 eorum,

356 2235 465 2318 qui
514 2235 581 2298 in
628 2234 1077 2299 consentiendi
1107 2256 1271 2318 pace
1300 2238 1794 2321 permanserint)
1827 2245 2005 2303 sicut
2049 2245 2120 2303 in
2154 2240 2480 2320 omnibuS,
2514 2237 2608 2300 in·
2629 2264 2682 2306 15

355 2342 514 2425 quit,
565 2346 866 2407 ecclesiis
912 2353 1298 2407 sanctorum
1348 2347 1572 2426 doceo,
1616 2343 1681 2407 id
1731 2349 1856 2408 est:
1908 2344 2389 2425 catholicorum,
2444 2365 2610 2426 quae

353 2448 497 2513 ideo
548 2454 812 2513 sanctae
860 2454 1031 2532 sunt,
1081 2450 1232 2532 quia
1277 2449 1344 2513 in
1389 2449 1539 2514 fidei
1572 2451 2021 2516 communione
2065 2437 2439 2535 persis‘tunt.
2518 2451 2611 2514 Et

354 2577 433 2619 ne
482 2556 622 2638 quis
669 2554 944 2620 forsitan
988 2557 1462 2638 praetermissis
1524 2558 1753 2622 ceteris
1811 2578 1878 2622 se
1931 2558 2141 2624 solum
2189 2559 2426 2640 audiri,
2488 2557 2609 2623 sibi

355 2663 474 2728 soli
521 2662 698 2727 credi
744 2663 1111 2746 adrogaret,
1159 2665 1356 2745 paulo
1404 2670 1555 2748 post
1587 2665 1707 2729 ait:
1757 2687 1845 2730 an
1878 2687 1920 2730 α
1951 2649 2435 2748 v0b13,'inquit,
2469 2686 2611 2731 ver-

356 2774 505 2836 bum
553 2774 667 2835 dez·
699 2778 1062 2852 processit,
1122 2781 1245 2835 aut
1286 2778 1359 2836 in
1405 2792 1521 2836 vos
1566 2777 1751 2837 solos
1797 2776 2108 2839 devenit?
2172 2773 2294 2855 Et,
2355 2793 2436 2837 ne
2482 2773 2683 2838 hoc2o

357 2877 541 2960 quasi
570 2875 1002 2960 perfunctorie
1035 2877 1458 2961 acciperetur,
1492 2879 1757 2943 adiecit:
1800 2887 1865 2945 sz‘
1887 2888 2057 2963 ιμιὶε,
2090 2881 2317 2964 inquit,
2351 2885 2612 2947 videtur

350 2987 680 3066 prophela
728 3005 879 3049 esse
925 2995 1043 3049 aut
1088 2990 1450 3067 spiritalis,
1496 2998 1874 3070 coynoscat,
1920 3010 2090 3071 quae
2135 2991 2356 3054 scribo
2404 2992 2611 3071 vobis,

357 3099 514 3173 quia
556 3094 811 3156 domim·
855 3101 1017 3156 sunt
1057 3095 1397 3157 mandata.
1493 3089 1677 3174 Quae
1721 3094 1943 3177 utique
1989 3096 2315 3177 mandata,
2362 3096 2484 3160 nisi
2513 3102 2608 3177 ut,

357 3199 411 3262 si
443 3198 583 3280 quis
617 3203 717 3262 est
758 3201 1087 3281 propheta
1118 3209 1236 3263 aut
1267 3204 1607 3280 spiritalis
1653 3201 1749 3284 (id
1803 3207 1930 3266 est:
1981 3202 2361 3285 spiritalium
2392 3223 2609 3267 rerum

357 3305 711 3389 magister),
737 3326 982 3370 summo
1015 3307 1233 3371 studio
1266 3308 1677 3390 aequalitatis
1701 3316 1769 3374 et
1798 3310 2063 3374 unitatis
2088 3310 2296 3375 cultor
2321 3310 2608 3392 exsistat,
2628 3330 2683 3371 25

356 3417 432 3476 ut
476 3413 721 3477 scilicet
766 3434 973 3496 neque
1022 3413 1353 3497 opiniones
1400 3438 1551 3480 suas
1597 3418 1828 3481 ceteris
1872 3417 2202 3501 praeferat
2249 3424 2313 3483 et
2360 3418 2441 3482 ab
2473 3418 2612 3483 uni-

357 3540 689 3584 versorum
755 3520 1046 3585 sensibus
1109 3543 1241 3585 non
1299 3523 1612 3588 recedat?
1706 3522 1905 3588 Cuius
1964 3526 2059 3589 rei
2117 3529 2439 3590 mandata
2498 3533 2613 3608 que·

360 3633 653 3708 iynorat,
696 3626 926 3709 inquit,
974 3631 1422 3712 iynorabz‘tur,
1466 3631 1535 3694 id
1583 3636 1709 3696 est:
1761 3632 1870 3714 qui
1901 3636 2016 3696 aut
2044 3633 2291 3698 nescita
2321 3654 2453 3698 non
2486 3633 2609 3698 dis-

360 3732 450 3796 cit
496 3737 610 3797 aut
642 3732 804 3797 scita
859 3735 1228 3815 contemnit,
1279 3739 1728 3819 iquorabz‘tur,
1756 3737 1882 3802 hoc
1913 3744 2041 3803 est:
2089 3739 2388 3822 indignus
2419 3739 2610 3805 habe-

361 3838 556 3921 bitur,
607 3840 718 3922 qui
762 3841 931 3905 inter
978 3842 1197 3906 unitos
1243 3841 1370 3907 fide
1419 3849 1484 3908 et
1530 3851 1925 3927 exaequatos
1972 3845 2333 3912 humilitate
2390 3847 2609 3912 divini·
2629 3862 2684 3901 30

538 4090 572 4140 6
611 4087 681 4142 of.
719 4086 864 4141 Phil.
904 4091 953 4156 2,
993 4091 1043 4143 2.
1070 4091 1125 4159 53
1167 4092 1218 4157 3,
1260 4093 1352 4159 163
1389 4094 1440 4158 4,
1479 4093 1529 4145 2.
1678 4096 1710 4146 7
1749 4091 1815 4146 of.
1854 4094 1983 4147 Act.
2012 4095 2062 4160 5,
2101 4098 2151 4150 4.
2298 4099 2331 4149 9
2383 4098 2432 4149 1.
2484 4093 2620 4151 oon

362 4177 409 4242 1,
451 4178 535 4232 10.
756 4179 822 4231 13
875 4180 924 4233 1.
962 4178 1088 4235 cor.
1129 4182 1212 4248 14,
1251 4182 1337 4234 33.
1557 4183 1769 4235 19—29
1808 4183 1855 4234 1.
1896 4181 2021 4238 Gor.
2063 4185 2145 4249 14,
2184 4184 2412 4238 36—38.
