3292 5109
1169 559 1284 614 xx
1322 557 1663 630 (affl—xm
1699 559 1835 628 (26).
2542 563 2623 625 31

374 726 580 803 mant,
640 727 714 786 ut
760 721 1011 803 possint
1073 721 1393 804 deinceps,
1422 727 1609 786 vivae
1656 726 1722 785 et
1768 726 2082 786 salientis
2127 741 2341 802 aquae
2385 720 2629 786 fluenta

373 833 627 913 potare.
721 827 1084 893 Dediscant
1129 827 1324 909 bene,
1388 827 1564 910 quod
1610 827 1969 892 didicerant
2015 849 2150 893 non
2192 827 2388 911 bene,
2437 833 2504 893 et
2550 850 2631 893 ex

374 940 519 1000 toto
553 934 863 1001 ecclesiae
895 934 1220 1018 dogmate,
1269 934 1445 1017 quod
1485 935 1821 1000 intellectu
1868 936 2013 1018 capi
2057 939 2299 1018 potest,
2348 934 2630 1017 capiant,

373 1043 554 1126 quod
599 1063 731 1108 non
777 1047 1021 1125 potest,
1070 1041 1358 1110 credant.

553 1141 765 1215 XXI.
789 1150 929 1234 (26)
958 1148 1141 1232 Quae
1175 1170 1322 1215 cum
1350 1150 1447 1214 ita
1476 1149 1624 1231 sint,
1647 1149 1879 1214 iterum
1911 1153 2106 1231 atque
2136 1149 2373 1215 iterum
2405 1149 2630 1214 eadem
2647 1172 2673 1212 5

376 1278 628 1323 mecum
685 1257 1016 1324 revolvens
1077 1260 1143 1321 et
1205 1260 1547 1339 reputans,
1608 1257 1830 1321 mirari
1876 1257 2033 1321 satis
2078 1277 2329 1339 nequeo
2378 1261 2632 1321 tantam

375 1364 784 1448 quorundam
840 1364 1171 1429 hominum
1226 1364 1579 1445 vesaniam,
1640 1368 1895 1428 tantam
1954 1368 2338 1428 excaecatae
2397 1363 2631 1428 mentis

377 1473 796 1556 impietatem,
845 1476 1098 1536 tantam
1141 1477 1478 1554 postremo
1528 1470 1788 1535 errandi
1832 1469 2179 1553 libidinem,
2228 1475 2301 1534 ut
2343 1468 2632 1535 contenti

376 1600 512 1645 non
557 1580 687 1644 sint
730 1577 974 1644 tradita
1020 1583 1086 1643 et
1129 1582 1396 1661 recepta
1442 1577 1638 1642 semel
1671 1577 2022 1660 antiquitus
2054 1576 2358 1642 credendi
2386 1576 2630 1660 regula,

378 1685 494 1751 sed
524 1707 691 1752 nova
723 1708 800 1751 ac
832 1707 1000 1751 nova
1042 1685 1122 1751 de
1154 1685 1258 1751 die
1287 1686 1353 1749 in
1385 1685 1553 1749 diem
1587 1690 1926 1766 quaerant,
1976 1705 2355 1766 semperque
2394 1683 2632 1766 aliquid
2653 1704 2706 1743 ιο

376 1793 660 1875 gestiant
704 1793 998 1875 religioni
1044 1792 1304 1873 addere,
1352 1797 1623 1873 mutare,
1673 1791 2053 1873 detrahere3
2103 1793 2284 1874 quasi
2329 1813 2458 1857 non
2491 1813 2632 1857 cae·

378 1899 543 1984 leste
607 1899 845 1981 dogma
905 1901 1021 1981 sit,
1084 1899 1262 1980 quod
1316 1898 1514 1965 semel
1558 1900 1913 1965 revelatum
1960 1919 2101 1965 esse
2148 1897 2456 1983 sufficiat,
2518 1898 2629 1964 sed

378 2013 642 2072 terrena
670 2007 1013 2089 institutio,
1040 2027 1206 2089 quae
1237 2006 1425 2071 aliter
1452 2005 1677 2089 perfici
1705 2007 1828 2071 nisi
1858 2006 2129 2072 adsidua
2160 2006 2629 2086 emendatione,

379 2116 576 2180 immo
624 2115 843 2198 potius
890 2114 1407 2197 reprehensione,
1455 2135 1590 2179 non
1633 2120 1878 2197 posset,
1928 2136 2077 2179 cum
2108 2115 2320 2179 divina
2352 2115 2632 2183 clament

380 2221 677 2287 oracula:
750 2243 835 2287 ne
896 2225 1278 2302 transferas
1341 2229 1697 2303 terminos,
1762 2242 1927 2302 quos
1969 2232 2351 2304 posuerunt
2396 2232 2633 2305 patres
2654 2242 2704 2283 15

382 2338 506 2411 tui,
560 2336 658 2395 et:
708 2350 913 2412 snper
944 2334 1350 2395 indicantem
1382 2351 1468 2394 ne
1497 2333 1781 2410 indices,
1814 2334 1916 2394 et:
1964 2333 2376 2395 scindentem
2410 2350 2632 2412 sepem

378 2442 714 2504 mordebit
757 2459 905 2503 eum
953 2458 1257 2520 serpens,
1307 2436 1563 2501 et-illud
1596 2436 2049 2519 apostolicum,
2082 2457 2210 2519 quo
2245 2457 2467 2502 omnes
2501 2457 2633 2502 om-

382 2546 556 2609 nium
600 2544 960 2610 haereseon
1007 2544 1356 2609 sceleratae
1404 2545 1727 2610 novitates
1787 2543 1961 2609 velut
2021 2543 2303 2626 quodam
2359 2543 2636 2626 spiritali

382 2652 594 2734 gladio
641 2672 838 2735 saepe
884 2658 1228 2717 truncatae
1261 2672 1644 2733 semperque
1675 2650 2077 2715 truncandae
2109 2656 2295 2715 sunt:
2344 2673 2383 2716 ο
2427 2654 2635 2716 Timo-

379 2763 555 2840 thee,
599 2762 974 2840 depositum
1022 2762 1308 2839 custodi,
1351 2762 1657 2823 devitans
1678 2762 2014 2840 profanas
2044 2779 2269 2823 vocum
2303 2766 2636 2823 novitates
2653 2788 2707 2826 20

334 2888 345 2957 ss
385 2874 457 2930 et
498 2872 956 2948 oppositiones
996 2869 1177 2946 falsi
1224 2871 1517 2929 nominis
1547 2871 1897 2945 scientiae,
1948 2846 2141 2945 qnam
2184 2870 2452 2947 qnidam
2479 2885 2637 2948 pro-

381 2979 728 3036 mittentes
773 2978 960 3036 circa
998 2975 1203 3053 fldem
1253 2974 1698 3035 eoeeiderunt..
1764 2971 1858 3035 Et
1900 2977 2056 3055 post
2100 2971 2262 3036 haec
2306 2972 2636 3036 inveniun-

383 3085 493 3143 tur
522 3077 720 3160 aliqui
752 3084 940 3142 tanta
969 3078 1366 3143 inveteratae
1397 3077 1632 3143 frontis
1666 3078 1925 3159 duritia,
1974 3084 2163 3144 tanta
2200 3079 2634 3162 impudentiae

381 3185 643 3267 incude,
707 3190 892 3251 tanto
953 3185 1298 3252 adamante
1356 3185 1780 3268 pertinaciae,
1831 3187 1941 3269 qui
1985 3186 2185 3251 tantis
2232 3186 2635 3269 eloquiorum

382 3293 759 3358 caelestium
804 3292 1081 3358 molibus
1126 3314 1262 3357 non
1306 3293 1760 3375 succumbant,
1816 3295 2017 3358 tantis
2061 3292 2455 3377 ponderibus
2500 3315 2633 3359 non
2653 3319 2707 3360 25

382 3399 708 3482 fatiscant,
753 3400 956 3465 tantis
1003 3399 1249 3465 malleis
1295 3420 1428 3466 non
1476 3406 2011 3483 conquassentur,
2059 3401 2258 3465 tantis
2303 3406 2632 3484 postremo

382 3505 753 3571 fulminibus
784 3527 915 3570 non
948 3508 1401 3572 conterantur!
1481 3511 1749 3589 Devita,
1776 3507 2007 3589 inquit,
2040 3512 2377 3589 profanas
2406 3528 2634 3573 vocum

382 3620 737 3679 novitates.
830 3612 986 3679 Non
1044 3613 1240 3678 dixit:
1303 3614 1743 3696 antiquitates,
1803 3634 1934 3679 non
1993 3613 2179 3678 dixit:
2242 3619 2631 3697 vetustates3

384 3719 580 3783 immo
636 3719 859 3802 plane,
920 3720 1077 3802 quid
1123 3741 1158 3784 e
1205 3722 1534 3786 contrario
1585 3725 1995 3803 sequeretur,
2060 3720 2365 3786 ostendit.
2458 3719 2633 3786 Nam

383 3825 441 3889 si
488 3825 749 3891 vitanda
794 3831 894 3890 est
939 3827 1213 3908 novitaS,
1262 3827 1543 3893 tenenda
1590 3831 1691 3891 est
1736 3827 2112 3909 antiquitas,
2159 3832 2228 3892 et
2266 3827 2319 3890 si
2358 3826 2706 3910 profanam

397 4117 403 4126 .
532 4076 596 4129 ‘1
636 4075 702 4129 of.
740 4074 874 4130 Joh.
910 4077 963 4143 4,
986 4076 1089 4130 ·10.
1129 4076 1214 4131 14.
1382 4076 1484 4129 ·15
1521 4074 1691 4129 Prov.
1727 4077 1816 4138 22,
1853 4077 1939 4127 28.
2139 4076 2205 4129 16
2244 4073 2418 4130 sirac.
2455 4076 2507 4141 s,
2549 4075 2633 4129 17.

388 4165 455 4218 16
491 4163 644 4220 1⁴:001.
685 4166 769 4232 10,
807 4166 859 4220 s.
1078 4166 1144 4218 19
1184 4165 1232 4218 1.
1270 4163 1412 4219 Tim.
1447 4166 1498 4231 6,
1535 4167 1706 4233 eosq.
