3292 5109
599 591 683 651 33
1529 583 1735 638 xxiv
1772 583 1904 653 (34).

597 748 1071 812 haereticorum
1139 746 1279 814 fuit.
1372 746 1465 811 Et
1508 767 1760 829 revera,
1811 765 1977 827 quae
2023 766 2325 827 umquam
2373 742 2675 825 haeresiS,
2724 743 2848 808 nisi

596 852 714 918 sub
765 859 943 919 certo
990 855 1268 937 nomine,
1318 858 1497 918 certo
1527 851 1700 930 loco,
1750 858 1928 916 certo
1961 857 2252 934 tempore
2289 849 2626 916 ebullivit?
2682 847 2846 933 Quis

595 982 898 1043 umquam
966 961 1265 1026 haereses
1331 959 1647 1042 instituit,
1714 959 1837 1023 nisi
1893 958 2003 1041 qui
2070 979 2137 1023 se
2182 958 2363 1041 prius
2410 958 2492 1022 ab
2540 957 2848 1022 ecclesiae

596 1067 954 1132 catholicae
1000 1068 1434 1132 universitatis
1501 1072 1568 1130 et
1613 1065 2019 1147 antiquitatis
2066 1065 2484 1129 consensione
2532 1064 2846 1129 discreve-

549 1175 726 1241 5rit?
805 1172 998 1257 Quod
1027 1175 1123 1240 ita
1155 1196 1294 1240 esse
1340 1175 1482 1239 11106
1529 1173 1762 1238 clarius
1812 1173 2102 1256 exempla
2133 1171 2604 1236 demonstrant.
2685 1168 2846 1254 Quis

596 1283 760 1348 enim
804 1304 1107 1366 umquam
1156 1289 1307 1347 ante
1350 1281 1693 1365 profanum
1739 1280 1916 1344 illum
1974 1279 2309 1362 Pelagium
2354 1284 2602 1344 tantam
2648 1279 2844 1343 virtu-

594 1397 726 1456 tem
771 1390 954 1455 liberi
981 1391 1415 1474 praesumpsit
1446 1388 1712 1469 arbitrii,
1760 1394 1838 1452 ut
1883 1386 1968 1451 ad
2014 1387 2139 1452 hoc
2183 1387 2252 1450 in
2280 1386 2470 1450 bonis
2509 1385 2702 1451 rebus
2734 1408 2851 1470 per

596 1504 778 1563 actus
825 1498 1113 1579 singulos
1159 1496 1588 1562 adiuvandum
1635 1495 2064 1560 necessariam
2112 1494 2217 1558 dei
2262 1493 2537 1577 gratiam
2568 1514 2696 1558 non
2728 1514 2845 1576 pu-

594 1603 810 1670 taret?
904 1601 1064 1686 Quis
1125 1608 1277 1667 ante
1330 1603 1780 1685 prodigiosum
1826 1601 2210 1683 discipulum
2258 1601 2395 1664 eius
2446 1597 2843 1664 Caelestium

527 1741 580 1779 ιο
594 1716 782 1777 reatu
848 1710 1413 1794 praevaricationis
1459 1707 1653 1773 Adae
1724 1729 1912 1773 omne
1979 1708 2329 1771 humanum
2397 1727 2598 1789 genus
2660 1704 2848 1770 dene-

598 1819 772 1900 gavit
839 1818 1265 1883 adstrictum‘?
1359 1814 1517 1899 Quis
1587 1821 1739 1881 ante
1787 1814 2163 1899 sacrilegum
2209 1812 2480 1878 Arrium
2536 1813 2847 1877 trinitatis

597 1926 910 1990 unitatem
965 1924 1352 2007 discindere,
1425 1924 1566 2008 quis
1627 1928 1782 1988 ante
1852 1923 2234 1987 sceleratum
2296 1919 2642 1986 Sabellium
2711 1920 2848 1984 uni-

598 2034 753 2097 tatis
798 2033 1156 2098 trinitatem
1204 2031 1598 2097 confundere
1657 2052 1849 2095 ausus
1898 2029 2042 2095 est?
2137 2027 2299 2111 Quis
2346 2035 2497 2093 ante
2547 2027 2850 2093 crudelis-

601 2139 828 2203 simum
853 2138 921 2203 N
926 2139 1293 2204 ovatianum
1327 2139 1655 2203 crudelem
1691 2139 1880 2202 deum
1913 2137 2092 2219 dixit,
2129 2158 2203 2201 eo
2238 2136 2415 2219 quod
2433 2135 2651 2199 mallet
2680 2156 2849 2199 mor-

529 2272 581 2314 15
600 2252 731 2310 tem
800 2246 1131 2311 morientis
1151 2295 1169 2328 ,
1227 2267 1421 2328 quam
1490 2252 1564 2327 ut
1631 2250 1995 2310 revertatur
2064 2249 2130 2308 et
2176 2242 2396 2307 vivat?
2490 2239 2651 2324 Quis
2698 2246 2851 2305 ante

599 2374 859 2435 magum
892 2351 1239 2435 Simonem,
1274 2352 1633 2435 apostolica
1667 2352 2065 2416 districtione
2097 2371 2492 2433 percussum,
2526 2388 2614 2396 —
2646 2371 2686 2414 a
2719 2370 2847 2432 quo

599 2465 782 2524 vetus
828 2460 931 2524 ille
978 2459 1449 2542 turpitudinum
1494 2480 1729 2543 gurges
1773 2480 1976 2540 usque
2021 2457 2087 2520 in
2133 2457 2546 2521 novissimum
2591 2455 2850 2521 Priscil-

598 2565 841 2631 lianum
889 2567 1194 2630 continua
1240 2572 1307 2630 et
1354 2565 1608 2631 occulta
1640 2566 2045 2630 successione
2084 2564 2366 2629 manavit
2402 2601 2484 2609 —
2520 2569 2852 2628 auctorem

601 2672 935 2754 malorum,
990 2671 1057 2735 id
1089 2677 1188 2737 est
1220 2671 1530 2736 scelerum
1577 2672 1985 2755 impietatum
2036 2670 2558 2754 flagitiorumque
2590 2676 2851 2735 nostro-

532 2808 586 2846 20
602 2801 745 2843 rum
790 2800 986 2844 ausus
1033 2784 1133 2843 est
1180 2778 1391 2844 dicere
1453 2785 1815 2844 creatorem
1864 2778 2102 2844 deum?
2195 2775 2454 2860 Quippe
2503 2799 2693 2860 quem
2740 2776 2850 2840 ad-

603 2886 757 2950 serit
824 2886 1019 2951 talem
1090 2886 1418 2950 hominum
1482 2886 1778 2952 manibus
1822 2887 2032 2969 ipsum
2080 2887 2210 2951 suis
2259 2906 2480 2952 creare
2527 2889 2849 2965 naturam,

603 3013 768 3074 quae
814 2993 1078 3076 proprio
1111 2975 1411 3075 'quodam
1456 2999 1640 3057 motu
1688 2999 1754 3057 et
1799 2994 2199 3059 necessariae
2248 2993 2580 3058 cuiusdam
2625 2990 2852 3056 volun-

600 3101 756 3163 tatis
803 3101 1079 3182 impulsu
1126 3100 1283 3164 nihil
1328 3100 1502 3164 aliud
1547 3102 1774 3183 possit,
1823 3100 1977 3165 nihil
2015 3099 2189 3165 aliud
2221 3100 2372 3164 velit
2404 3099 2525 3163 nisi
2554 3118 2852 3181 peccare,

605 3227 680 3271 eo
731 3206 905 3289 quod
949 3206 1128 3270 furiis
1174 3208 1476 3272 vitiorum
1525 3207 1810 3271 omnium
1858 3208 2185 3289 exagitata
2231 3211 2296 3271 et
2340 3204 2739 3270 inflammata
2783 3205 2854 3268 in

532 3340 585 3380 25
607 3314 821 3379 omnia
865 3314 1336 3397 turpitudinum
1379 3313 1691 3378 barathra
1736 3312 2115 3377 inexhausta
2146 3312 2500 3395 cupiditate
2532 3312 2851 3395 rapiatur.

782 3422 1130 3486 Innumera
1175 3427 1325 3485 sunt
1371 3420 1546 3500 talia,
1596 3441 1761 3503 quae
1808 3420 2140 3484 brevitatis
2188 3419 2412 3484 studio'
2450 3419 2851 3502 praetermit-

607 3528 827 3608 timuS,
898 3519 1129 3611 quibus
1197 3533 1414 3596 tamen
1485 3527 1732 3592 cunctis
1802 3528 1957 3591 satis
2006 3527 2335 3593 evidenter
2380 3527 2853 3610 perspicueque

605 3640 1034 3717 monstratur,
1103 3635 1229 3700 hoc
1299 3635 1469 3717 apud
1527 3655 1746 3699 omnes
1811 3634 1943 3699 fere
1988 3634 2287 3699 haereses
2336 3633 2519 3716 quasi
2565 3632 2852 3698 solemne

609 3763 749 3808 esse
794 3763 872 3806 ac
918 3742 1304 3824 legitimum,
1374 3746 1450 3806 ut
1498 3763 1753 3823 semper
1788 3746 2109 3824 profanis
2154 3744 2566 3807 novitatibus
2612 3739 2852 3822 gaude-

533 3876 588 3915 30
608 3854 750 3931 ant,
809 3849 1216 3930 antiquitatis
1265 3847 1428 3912 scita
1472 3847 1831 3930 fastidiant,
1898 3853 1964 3912 et
2019 3871 2137 3932 per
2185 3855 2635 3931 oppositiones
2675 3851 2858 3927 falsi

607 3962 899 4021 nominis
945 3963 1271 4021 scientiae
1319 3977 1360 4019 a
1397 3959 1532 4035 fide
1577 3960 2008 4038 naufrayent.
2102 3952 2351 4020 Contra
2408 3974 2559 4019 vero
2632 3952 2854 4018 catho-

788 4100 856 4152 14
891 4098 1097 4152 Ezeoh.
1125 4099 1212 4166 33,
1242 4099 1304 4151 11
1333 4099 1443 4166 (13,
1469 4100 1555 4164 23,
1588 4100 1685 4166 323
1724 4099 1909 4166 3‚13).
2180 4099 2266 4151 29.
2305 4099 2375 4151 30
2414 4098 2462 4149 1.
2500 4095 2641 4149 Tim.
2680 4097 2730 4161 6,
2769 4095 2858 4147 20.

607 4190 673 4243 31
717 4190 765 4242 1.
803 4189 945 4242 Tim.
986 4189 1034 4255 1,
1076 4190 1159 4242 19.
