<?xml version="1.0" encoding="UTF-8"?>
<!DOCTYPE html PUBLIC "-//W3C//DTD XHTML 1.0 Transitional//EN"
    "http://www.w3.org/TR/xhtml1/DTD/xhtml1-transitional.dtd">
<html xmlns="http://www.w3.org/1999/xhtml" xml:lang="en" lang="en">
 <head>
  <title>
</title>
<meta http-equiv="Content-Type" content="text/html;charset=utf-8" />
  <meta name='ocr-system' content='tesseract 3.04.00' />
  <meta name='ocr-capabilities' content='ocr_page ocr_carea ocr_par ocr_line ocrx_word'/>
</head>
<body>
  <div class='ocr_page' id='page_1' title='image "./vincenzvonlerin00jlgoog_0051.png"; bbox 0 0 3292 5109; ppageno 0'>
   <div class='ocr_carea' id='block_1_1' title="bbox 676 557 2141 630">
    <p class='ocr_par' dir='ltr' id='par_1_1' title="bbox 676 557 2141 630">
     <span class='ocr_line' id='line_1_1' title="bbox 676 557 2141 630; baseline -0.006 -9"><span class='ocrx_word' id='word_1_1' title='bbox 676 561 758 621; x_wconf 84' lang='lat'>32</span> <span class='ocrx_word' id='word_1_2' title='bbox 1420 557 1584 619; x_wconf 65' lang='lat' dir='ltr'>‚XXI</span> <span class='ocrx_word' id='word_1_3' title='bbox 1619 558 1990 627; x_wconf 62' lang='lat' dir='ltr'>(effi-xm</span> <span class='ocrx_word' id='word_1_4' title='bbox 2027 557 2141 630; x_wconf 85' lang='lat'>(27)</span> 
     </span>
    </p>
   </div>
   <div class='ocr_carea' id='block_1_2' title="bbox 585 720 2924 3909">
    <p class='ocr_par' dir='ltr' id='par_1_2' title="bbox 585 720 2924 3909">
     <span class='ocr_line' id='line_1_2' title="bbox 673 720 2922 806; baseline 0.003 -25"><span class='ocrx_word' id='word_1_5' title='bbox 673 723 775 782; x_wconf 87' lang='lat' dir='ltr'>est</span> <span class='ocrx_word' id='word_1_6' title='bbox 820 720 1094 800; x_wconf 77' lang='lat' dir='ltr'>novitaS,</span> <span class='ocrx_word' id='word_1_7' title='bbox 1158 723 1416 783; x_wconf 89' lang='lat' dir='ltr'>sacrata</span> <span class='ocrx_word' id='word_1_8' title='bbox 1463 723 1562 783; x_wconf 90' lang='lat' dir='ltr'>est</span> <span class='ocrx_word' id='word_1_9' title='bbox 1608 723 1920 784; x_wconf 85' lang='lat' dir='ltr'>vetustas.</span> <span class='ocrx_word' id='word_1_10' title='bbox 2015 722 2109 784; x_wconf 85' lang='lat' dir='ltr'>Et</span> <span class='ocrx_word' id='word_1_11' title='bbox 2150 727 2625 803; x_wconf 71' lang='lat' dir='ltr'>oppositiones,</span> <span class='ocrx_word' id='word_1_12' title='bbox 2688 723 2922 806; x_wconf 80' lang='lat' dir='ltr'>inquit,</span> 
     </span>
     <span class='ocr_line' id='line_1_3' title="bbox 662 824 2924 909; baseline 0.003 -20"><span class='ocrx_word' id='word_1_13' title='bbox 662 829 836 906; x_wconf 73' lang='lat' dir='ltr'>falsi</span> <span class='ocrx_word' id='word_1_14' title='bbox 880 832 1173 890; x_wconf 77' lang='lat' dir='ltr'>nominis</span> <span class='ocrx_word' id='word_1_15' title='bbox 1218 832 1563 891; x_wconf 71' lang='lat' dir='ltr'><em>scientiae.</em></span> <span class='ocrx_word' id='word_1_16' title='bbox 1640 825 1819 894; x_wconf 90' lang='lat' dir='ltr'>Vere</span> <span class='ocrx_word' id='word_1_17' title='bbox 1848 824 2086 891; x_wconf 88' lang='lat' dir='ltr'>falsum</span> <span class='ocrx_word' id='word_1_18' title='bbox 2115 847 2354 892; x_wconf 90' lang='lat' dir='ltr'>nomen</span> <span class='ocrx_word' id='word_1_19' title='bbox 2383 827 2557 909; x_wconf 91' lang='lat' dir='ltr'>apud</span> <span class='ocrx_word' id='word_1_20' title='bbox 2590 827 2924 895; x_wconf 83' lang='lat' dir='ltr'><strong>doctrinas</strong></span> 
     </span>
     <span class='ocr_line' id='line_1_4' title="bbox 670 933 2921 1018; baseline 0.001 -20"><span class='ocrx_word' id='word_1_21' title='bbox 670 933 1162 1014; x_wconf 86' lang='lat' dir='ltr'>haereticorum,</span> <span class='ocrx_word' id='word_1_22' title='bbox 1211 938 1287 997; x_wconf 90' lang='lat' dir='ltr'>ut</span> <span class='ocrx_word' id='word_1_23' title='bbox 1331 933 1703 1016; x_wconf 77' lang='lat' dir='ltr'>ignorantia</span> <span class='ocrx_word' id='word_1_24' title='bbox 1746 934 2055 999; x_wconf 80' lang='lat' dir='ltr'>scientiae</span> <span class='ocrx_word' id='word_1_25' title='bbox 2102 939 2169 1000; x_wconf 92' lang='lat' dir='ltr'>et</span> <span class='ocrx_word' id='word_1_26' title='bbox 2209 935 2414 1018; x_wconf 90' lang='lat' dir='ltr'>caligo</span> <span class='ocrx_word' id='word_1_27' title='bbox 2456 936 2820 1001; x_wconf 86' lang='lat' dir='ltr'>serenitatis</span> <span class='ocrx_word' id='word_1_28' title='bbox 2854 943 2921 1001; x_wconf 90' lang='lat' dir='ltr'>et</span> 
     </span>
     <span class='ocr_line' id='line_1_5' title="bbox 668 1038 2923 1125; baseline 0.001 -21"><span class='ocrx_word' id='word_1_29' title='bbox 668 1038 976 1105; x_wconf 80' lang='lat' dir='ltr'>tenebrae</span> <span class='ocrx_word' id='word_1_30' title='bbox 1029 1039 1285 1104; x_wconf 91' lang='lat' dir='ltr'>luminis</span> <span class='ocrx_word' id='word_1_31' title='bbox 1341 1040 1769 1124; x_wconf 80' lang='lat' dir='ltr'>appellatione</span> <span class='ocrx_word' id='word_1_32' title='bbox 1813 1040 2131 1106; x_wconf 81' lang='lat' dir='ltr'>fucentur.</span> <span class='ocrx_word' id='word_1_33' title='bbox 2234 1045 2439 1119; x_wconf 81' lang='lat' dir='ltr'>Quam</span> <span class='ocrx_word' id='word_1_34' title='bbox 2487 1048 2779 1125; x_wconf 84' lang='lat' dir='ltr'>qnidam,</span> <span class='ocrx_word' id='word_1_35' title='bbox 2823 1044 2923 1107; x_wconf 90' lang='lat' dir='ltr'>in-</span> 
     </span>
     <span class='ocr_line' id='line_1_6' title="bbox 623 1146 2917 1234; baseline 0.003 -25"><span class='ocrx_word' id='word_1_36' title='bbox 623 1169 649 1209; x_wconf 89' lang='lat'><strong>5</strong></span> <span class='ocrx_word' id='word_1_37' title='bbox 671 1146 841 1229; x_wconf 85' lang='lat' dir='ltr'>quit,</span> <span class='ocrx_word' id='word_1_38' title='bbox 900 1155 1378 1230; x_wconf 72' lang='lat' dir='ltr'>promittentes</span> <span class='ocrx_word' id='word_1_39' title='bbox 1438 1154 1621 1213; x_wconf 84' lang='lat' dir='ltr'>eirca</span> <span class='ocrx_word' id='word_1_40' title='bbox 1674 1151 1880 1230; x_wconf 83' lang='lat' dir='ltr'>fldem</span> <span class='ocrx_word' id='word_1_41' title='bbox 1927 1153 2345 1215; x_wconf 72' lang='lat' dir='ltr'>eoecidernnt.</span> <span class='ocrx_word' id='word_1_42' title='bbox 2439 1146 2610 1231; x_wconf 76' lang='lat' dir='ltr'>Quid</span> <span class='ocrx_word' id='word_1_43' title='bbox 2656 1152 2917 1234; x_wconf 90' lang='lat' dir='ltr'>promit-</span> 
     </span>
     <span class='ocr_line' id='line_1_7' title="bbox 667 1254 2920 1341; baseline 0.003 -24"><span class='ocrx_word' id='word_1_44' title='bbox 667 1258 880 1319; x_wconf 78' lang='lat' dir='ltr'>tentes</span> <span class='ocrx_word' id='word_1_45' title='bbox 929 1254 1334 1337; x_wconf 83' lang='lat' dir='ltr'>exciderunt,</span> <span class='ocrx_word' id='word_1_46' title='bbox 1399 1254 1523 1320; x_wconf 90' lang='lat' dir='ltr'>nisi</span> <span class='ocrx_word' id='word_1_47' title='bbox 1586 1275 1821 1320; x_wconf 89' lang='lat' dir='ltr'>novam</span> <span class='ocrx_word' id='word_1_48' title='bbox 1886 1257 2103 1321; x_wconf 89' lang='lat' dir='ltr'>nescio</span> <span class='ocrx_word' id='word_1_49' title='bbox 2165 1277 2361 1339; x_wconf 89' lang='lat' dir='ltr'>quam</span> <span class='ocrx_word' id='word_1_50' title='bbox 2423 1257 2920 1341; x_wconf 83' lang='lat' dir='ltr'>ignoratamque</span> 
     </span>
     <span class='ocr_line' id='line_1_8' title="bbox 668 1361 1893 1448; baseline 0.005 -24"><span class='ocrx_word' id='word_1_51' title='bbox 668 1361 1030 1426; x_wconf 84' lang='lat' dir='ltr'>doctrinam</span> <span class='ocrx_word' id='word_1_52' title='bbox 1046 1362 1080 1426; x_wconf 69' lang='lat' dir='ltr'>P</span> <span class='ocrx_word' id='word_1_53' title='bbox 1890 1444 1893 1448; x_wconf 81' lang='lat'><strong>.</strong></span> 
     </span>
     <span class='ocr_line' id='line_1_9' title="bbox 779 1460 2920 1553; baseline 0.001 -22"><span class='ocrx_word' id='word_1_54' title='bbox 779 1460 785 1466; x_wconf 75' lang='grc'><strong>’</strong></span> <span class='ocrx_word' id='word_1_55' title='bbox 844 1468 1098 1533; x_wconf 83' lang='lat' dir='ltr'>Audias</span> <span class='ocrx_word' id='word_1_56' title='bbox 1145 1468 1384 1534; x_wconf 89' lang='lat' dir='ltr'>etenim</span> <span class='ocrx_word' id='word_1_57' title='bbox 1430 1468 1750 1552; x_wconf 89' lang='lat' dir='ltr'>quosdam</span> <span class='ocrx_word' id='word_1_58' title='bbox 1794 1470 2084 1552; x_wconf 91' lang='lat' dir='ltr'>ipsorum</span> <span class='ocrx_word' id='word_1_59' title='bbox 2133 1469 2381 1535; x_wconf 84' lang='lat' dir='ltr'>dicere:</span> <span class='ocrx_word' id='word_1_60' title='bbox 2441 1471 2677 1553; x_wconf 85' lang='lat' dir='ltr'>venite,</span> <span class='ocrx_word' id='word_1_61' title='bbox 2738 1492 2775 1536; x_wconf 99' lang='lat' dir='ltr'>o</span> <span class='ocrx_word' id='word_1_62' title='bbox 2822 1471 2920 1535; x_wconf 91' lang='lat' dir='ltr'>in-</span> 
     </span>
     <span class='ocr_line' id='line_1_10' title="bbox 665 1575 2921 1659; baseline 0.001 -19"><span class='ocrx_word' id='word_1_63' title='bbox 665 1575 971 1658; x_wconf 89' lang='lat' dir='ltr'>sipientes</span> <span class='ocrx_word' id='word_1_64' title='bbox 1019 1581 1086 1640; x_wconf 89' lang='lat' dir='ltr'>et</span> <span class='ocrx_word' id='word_1_65' title='bbox 1130 1576 1365 1658; x_wconf 84' lang='lat' dir='ltr'>miseri,</span> <span class='ocrx_word' id='word_1_66' title='bbox 1415 1577 1525 1659; x_wconf 86' lang='lat' dir='ltr'>qui</span> <span class='ocrx_word' id='word_1_67' title='bbox 1563 1575 1754 1659; x_wconf 85' lang='lat' dir='ltr'>vulgo</span> <span class='ocrx_word' id='word_1_68' title='bbox 1807 1576 2109 1641; x_wconf 90' lang='lat' dir='ltr'>catholici</span> <span class='ocrx_word' id='word_1_69' title='bbox 2141 1577 2526 1658; x_wconf 87' lang='lat' dir='ltr'>vocitamini,</span> <span class='ocrx_word' id='word_1_70' title='bbox 2576 1583 2643 1643; x_wconf 89' lang='lat' dir='ltr'>et</span> <span class='ocrx_word' id='word_1_71' title='bbox 2689 1578 2921 1643; x_wconf 88' lang='lat' dir='ltr'>discite</span> 
     </span>
     <span class='ocr_line' id='line_1_11' title="bbox 594 1680 2924 1768; baseline 0.001 -22"><span class='ocrx_word' id='word_1_72' title='bbox 594 1708 646 1747; x_wconf 79' lang='grc' dir='ltr'>ιο</span> <span class='ocrx_word' id='word_1_73' title='bbox 663 1680 855 1748; x_wconf 88' lang='lat' dir='ltr'>fidem</span> <span class='ocrx_word' id='word_1_74' title='bbox 900 1705 1137 1765; x_wconf 83' lang='lat' dir='ltr'>vera-m,</span> <span class='ocrx_word' id='word_1_75' title='bbox 1186 1706 1381 1767; x_wconf 91' lang='lat' dir='ltr'>quam</span> <span class='ocrx_word' id='word_1_76' title='bbox 1425 1690 1686 1767; x_wconf 87' lang='lat' dir='ltr'>praeter</span> <span class='ocrx_word' id='word_1_77' title='bbox 1729 1704 1848 1749; x_wconf 92' lang='lat' dir='ltr'>nos</span> <span class='ocrx_word' id='word_1_78' title='bbox 1879 1684 2099 1749; x_wconf 92' lang='lat' dir='ltr'>nullus</span> <span class='ocrx_word' id='word_1_79' title='bbox 2129 1684 2450 1767; x_wconf 87' lang='lat' dir='ltr'>intelligit,</span> <span class='ocrx_word' id='word_1_80' title='bbox 2500 1706 2668 1768; x_wconf 89' lang='lat' dir='ltr'>quae</span> <span class='ocrx_word' id='word_1_81' title='bbox 2698 1684 2924 1749; x_wconf 87' lang='lat' dir='ltr'>multis</span> 
     </span>
     <span class='ocr_line' id='line_1_12' title="bbox 663 1789 2918 1875; baseline 0 -20"><span class='ocrx_word' id='word_1_82' title='bbox 663 1796 813 1855; x_wconf 90' lang='lat' dir='ltr'>ante</span> <span class='ocrx_word' id='word_1_83' title='bbox 859 1791 1132 1856; x_wconf 87' lang='lat' dir='ltr'>saeculis</span> <span class='ocrx_word' id='word_1_84' title='bbox 1177 1791 1386 1872; x_wconf 89' lang='lat' dir='ltr'>latuit,</span> <span class='ocrx_word' id='word_1_85' title='bbox 1432 1811 1639 1875; x_wconf 88' lang='lat' dir='ltr'>nuper</span> <span class='ocrx_word' id='word_1_86' title='bbox 1668 1812 1819 1856; x_wconf 87' lang='lat' dir='ltr'>vero</span> <span class='ocrx_word' id='word_1_87' title='bbox 1850 1791 2133 1856; x_wconf 86' lang='lat' dir='ltr'>revelata</span> <span class='ocrx_word' id='word_1_88' title='bbox 2179 1798 2245 1857; x_wconf 90' lang='lat' dir='ltr'>et</span> <span class='ocrx_word' id='word_1_89' title='bbox 2291 1797 2551 1856; x_wconf 89' lang='lat' dir='ltr'>ostensa</span> <span class='ocrx_word' id='word_1_90' title='bbox 2596 1796 2717 1856; x_wconf 86' lang='lat' dir='ltr'>est.</span> <span class='ocrx_word' id='word_1_91' title='bbox 2784 1789 2918 1857; x_wconf 85' lang='lat' dir='ltr'>Sed</span> 
     </span>
     <span class='ocr_line' id='line_1_13' title="bbox 664 1897 2921 1982; baseline 0 -20"><span class='ocrx_word' id='word_1_92' title='bbox 664 1897 890 1964; x_wconf 89' lang='lat' dir='ltr'>discite</span> <span class='ocrx_word' id='word_1_93' title='bbox 936 1898 1156 1963; x_wconf 87' lang='lat' dir='ltr'>furtim</span> <span class='ocrx_word' id='word_1_94' title='bbox 1206 1904 1400 1982; x_wconf 84' lang='lat' dir='ltr'>atque</span> <span class='ocrx_word' id='word_1_95' title='bbox 1447 1899 1765 1980; x_wconf 88' lang='lat' dir='ltr'>secretim,</span> <span class='ocrx_word' id='word_1_96' title='bbox 1815 1898 2161 1964; x_wconf 87' lang='lat' dir='ltr'>delectabit</span> <span class='ocrx_word' id='word_1_97' title='bbox 2208 1900 2375 1963; x_wconf 90' lang='lat' dir='ltr'>enim</span> <span class='ocrx_word' id='word_1_98' title='bbox 2422 1920 2570 1982; x_wconf 82' lang='lat' dir='ltr'>vos3</span> <span class='ocrx_word' id='word_1_99' title='bbox 2620 1903 2687 1964; x_wconf 89' lang='lat' dir='ltr'>et</span> <span class='ocrx_word' id='word_1_100' title='bbox 2727 1899 2885 1963; x_wconf 91' lang='lat' dir='ltr'>item</span> <span class='ocrx_word' id='word_1_101' title='bbox 2896 1947 2921 1980; x_wconf 65' lang='lat'><em>7</em></span> 
     </span>
     <span class='ocr_line' id='line_1_14' title="bbox 662 2005 2917 2089; baseline 0 -20"><span class='ocrx_word' id='word_1_102' title='bbox 662 2026 809 2069; x_wconf 92' lang='lat' dir='ltr'>cum</span> <span class='ocrx_word' id='word_1_103' title='bbox 856 2005 1226 2086; x_wconf 58' lang='lat' dir='ltr'>didicerim,</span> <span class='ocrx_word' id='word_1_104' title='bbox 1275 2005 1557 2071; x_wconf 89' lang='lat' dir='ltr'>latenter</span> <span class='ocrx_word' id='word_1_105' title='bbox 1587 2006 1840 2089; x_wconf 88' lang='lat' dir='ltr'>docete,</span> <span class='ocrx_word' id='word_1_106' title='bbox 1887 2026 1970 2071; x_wconf 89' lang='lat' dir='ltr'>ne</span> <span class='ocrx_word' id='word_1_107' title='bbox 2000 2005 2279 2070; x_wconf 88' lang='lat' dir='ltr'>mundus</span> <span class='ocrx_word' id='word_1_108' title='bbox 2310 2005 2555 2087; x_wconf 86' lang='lat' dir='ltr'>audiat,</span> <span class='ocrx_word' id='word_1_109' title='bbox 2601 2027 2685 2071; x_wconf 90' lang='lat' dir='ltr'>ne</span> <span class='ocrx_word' id='word_1_110' title='bbox 2717 2006 2917 2070; x_wconf 89' lang='lat' dir='ltr'>eccle-</span> 
     </span>
     <span class='ocr_line' id='line_1_15' title="bbox 660 2112 2921 2197; baseline -0 -20"><span class='ocrx_word' id='word_1_111' title='bbox 660 2112 758 2177; x_wconf 90' lang='lat' dir='ltr'>sia</span> <span class='ocrx_word' id='word_1_112' title='bbox 802 2113 999 2194; x_wconf 80' lang='lat' dir='ltr'>sciat3</span> <span class='ocrx_word' id='word_1_113' title='bbox 1047 2113 1270 2196; x_wconf 90' lang='lat' dir='ltr'>paucis</span> <span class='ocrx_word' id='word_1_114' title='bbox 1316 2134 1596 2196; x_wconf 89' lang='lat' dir='ltr'>namque</span> <span class='ocrx_word' id='word_1_115' title='bbox 1628 2134 2007 2178; x_wconf 91' lang='lat' dir='ltr'>concessum</span> <span class='ocrx_word' id='word_1_116' title='bbox 2040 2118 2141 2178; x_wconf 90' lang='lat' dir='ltr'>est</span> <span class='ocrx_word' id='word_1_117' title='bbox 2170 2114 2339 2178; x_wconf 87' lang='lat' dir='ltr'>tanti</span> <span class='ocrx_word' id='word_1_118' title='bbox 2367 2112 2653 2197; x_wconf 83' lang='lat' dir='ltr'>mysterii</span> <span class='ocrx_word' id='word_1_119' title='bbox 2683 2133 2921 2195; x_wconf 89' lang='lat' dir='ltr'>capere</span> 
     </span>
     <span class='ocr_line' id='line_1_16' title="bbox 589 2218 2922 2301; baseline 0 -20"><span class='ocrx_word' id='word_1_120' title='bbox 589 2241 640 2281; x_wconf 90' lang='lat'>15</span> <span class='ocrx_word' id='word_1_121' title='bbox 663 2224 1002 2284; x_wconf 90' lang='lat' dir='ltr'>secretum.</span> <span class='ocrx_word' id='word_1_122' title='bbox 1094 2218 1332 2283; x_wconf 90' lang='lat' dir='ltr'>Nonne</span> <span class='ocrx_word' id='word_1_123' title='bbox 1395 2218 1560 2284; x_wconf 90' lang='lat' dir='ltr'>haec</span> <span class='ocrx_word' id='word_1_124' title='bbox 1605 2220 1807 2285; x_wconf 85' lang='lat' dir='ltr'>verba</span> <span class='ocrx_word' id='word_1_125' title='bbox 1866 2225 2017 2285; x_wconf 89' lang='lat' dir='ltr'>sunt</span> <span class='ocrx_word' id='word_1_126' title='bbox 2069 2220 2237 2284; x_wconf 91' lang='lat' dir='ltr'>illius</span> <span class='ocrx_word' id='word_1_127' title='bbox 2291 2219 2679 2301; x_wconf 87' lang='lat' dir='ltr'>meretricis,</span> <span class='ocrx_word' id='word_1_128' title='bbox 2745 2239 2922 2301; x_wconf 86' lang='lat' dir='ltr'>quae</span> 
     </span>
     <span class='ocr_line' id='line_1_17' title="bbox 661 2324 2911 2408; baseline 0.001 -19"><span class='ocrx_word' id='word_1_129' title='bbox 661 2325 836 2408; x_wconf 91' lang='lat' dir='ltr'>apud</span> <span class='ocrx_word' id='word_1_130' title='bbox 868 2324 1236 2391; x_wconf 86' lang='lat' dir='ltr'>Solomonis</span> <span class='ocrx_word' id='word_1_131' title='bbox 1267 2325 1624 2390; x_wconf 87' lang='lat' dir='ltr'>Proverbia</span> <span class='ocrx_word' id='word_1_132' title='bbox 1671 2337 1866 2391; x_wconf 81' lang='lat' dir='ltr'>vocat</span> <span class='ocrx_word' id='word_1_133' title='bbox 1908 2331 2001 2392; x_wconf 86' lang='lat' dir='ltr'>ad</span> <span class='ocrx_word' id='word_1_134' title='bbox 2041 2347 2116 2390; x_wconf 72' lang='lat' dir='ltr'>ee</span> <span class='ocrx_word' id='word_1_135' title='bbox 2157 2337 2671 2408; x_wconf 76' lang='lat' dir='ltr'>praetereuntes</span> <span class='ocrx_word' id='word_1_136' title='bbox 2714 2333 2911 2405; x_wconf 83' lang='lat' dir='ltr'>viam,</span> 
     </span>
     <span class='ocr_line' id='line_1_18' title="bbox 660 2433 2922 2515; baseline 0 -18"><span class='ocrx_word' id='word_1_137' title='bbox 660 2440 774 2514; x_wconf 83' lang='lat' dir='ltr'>qui</span> <span class='ocrx_word' id='word_1_138' title='bbox 818 2437 1122 2513; x_wconf 72' lang='lat' dir='ltr'>diriyunt</span> <span class='ocrx_word' id='word_1_139' title='bbox 1166 2439 1300 2497; x_wconf 84' lang='lat' dir='ltr'>iter</span> <span class='ocrx_word' id='word_1_140' title='bbox 1346 2453 1537 2497; x_wconf 73' lang='lat' dir='ltr'>sunm</span> <span class='ocrx_word' id='word_1_141' title='bbox 1558 2440 1592 2497; x_wconf 67' lang='grc' dir='ltr'><strong><em>ἓ</em></strong></span> <span class='ocrx_word' id='word_1_142' title='bbox 1674 2435 1799 2507; x_wconf 81' lang='lat' dir='ltr'>Qui</span> <span class='ocrx_word' id='word_1_143' title='bbox 1830 2443 1954 2513; x_wconf 73' lang='lat' dir='ltr'>est,</span> <span class='ocrx_word' id='word_1_144' title='bbox 1987 2433 2217 2515; x_wconf 85' lang='lat' dir='ltr'>inquit,</span> <span class='ocrx_word' id='word_1_145' title='bbox 2260 2443 2555 2497; x_wconf 74' lang='lat' dir='ltr'>vestram</span> <span class='ocrx_word' id='word_1_146' title='bbox 2588 2440 2922 2515; x_wconf 70' lang='lat' dir='ltr'>insipien-</span> 
     </span>
     <span class='ocr_line' id='line_1_19' title="bbox 659 2543 2913 2622; baseline -0 -18"><span class='ocrx_word' id='word_1_147' title='bbox 659 2547 988 2620; x_wconf 49' lang='lat' dir='ltr'>tias-imus³</span> <span class='ocrx_word' id='word_1_148' title='bbox 1038 2544 1328 2604; x_wconf 81' lang='lat' dir='ltr'>divertat</span> <span class='ocrx_word' id='word_1_149' title='bbox 1375 2544 1468 2605; x_wconf 86' lang='lat' dir='ltr'>ad</span> <span class='ocrx_word' id='word_1_150' title='bbox 1507 2560 1634 2604; x_wconf 90' lang='lat' dir='ltr'>me.</span> <span class='ocrx_word' id='word_1_151' title='bbox 1700 2543 1942 2622; x_wconf 77' lang='lat' dir='ltr'>Inopes</span> <span class='ocrx_word' id='word_1_152' title='bbox 1988 2550 2212 2605; x_wconf 82' lang='lat' dir='ltr'>autem</span> <span class='ocrx_word' id='word_1_153' title='bbox 2258 2561 2463 2605; x_wconf 72' lang='lat' dir='ltr'>sensu</span> <span class='ocrx_word' id='word_1_154' title='bbox 2509 2543 2913 2605; x_wconf 74' lang='lat' dir='ltr'>eoelzortatur</span> 
     </span>
     <span class='ocr_line' id='line_1_20' title="bbox 660 2649 2918 2729; baseline -0 -18"><span class='ocrx_word' id='word_1_155' title='bbox 660 2650 890 2712; x_wconf 76' lang='lat' dir='ltr'>dicens</span> <span class='ocrx_word' id='word_1_156' title='bbox 905 2673 929 2712; x_wconf 92' lang='lat'>.·</span> <span class='ocrx_word' id='word_1_157' title='bbox 960 2667 1181 2729; x_wconf 73' lang='lat' dir='ltr'>panes</span> <span class='ocrx_word' id='word_1_158' title='bbox 1227 2651 1517 2712; x_wconf 73' lang='lat' dir='ltr'>occultos</span> <span class='ocrx_word' id='word_1_159' title='bbox 1565 2649 1854 2711; x_wconf 81' lang='lat' dir='ltr'>libenter</span> <span class='ocrx_word' id='word_1_160' title='bbox 1897 2651 2251 2728; x_wconf 73' lang='lat' dir='ltr'>adtinyite,</span> <span class='ocrx_word' id='word_1_161' title='bbox 2281 2656 2353 2711; x_wconf 85' lang='lat' dir='ltr'>et</span> <span class='ocrx_word' id='word_1_162' title='bbox 2379 2667 2616 2728; x_wconf 81' lang='lat' dir='ltr'>aquam</span> <span class='ocrx_word' id='word_1_163' title='bbox 2651 2650 2918 2711; x_wconf 81' lang='lat' dir='ltr'>dulcem</span> 
     </span>
     <span class='ocr_line' id='line_1_21' title="bbox 587 2751 2920 2846; baseline -0.002 -23"><span class='ocrx_word' id='word_1_164' title='bbox 587 2784 642 2823; x_wconf 84' lang='lat'>20</span> <span class='ocrx_word' id='word_1_165' title='bbox 651 2759 895 2835; x_wconf 84' lang='lat' dir='ltr'>furtim</span> <span class='ocrx_word' id='word_1_166' title='bbox 946 2757 1167 2820; x_wconf 84' lang='lat' dir='ltr'>bibite.</span> <span class='ocrx_word' id='word_1_167' title='bbox 1263 2751 1436 2846; x_wconf 72' lang='lat' dir='ltr'>Quid</span> <span class='ocrx_word' id='word_1_168' title='bbox 1483 2754 1765 2820; x_wconf 80' lang='lat' dir='ltr'>deinde?</span> <span class='ocrx_word' id='word_1_169' title='bbox 1829 2757 1918 2820; x_wconf 81' lang='lat' dir='ltr'>At</span> <span class='ocrx_word' id='word_1_170' title='bbox 1959 2759 2100 2835; x_wconf 82' lang='lat' dir='ltr'>ille,</span> <span class='ocrx_word' id='word_1_171' title='bbox 2162 2754 2394 2836; x_wconf 85' lang='lat' dir='ltr'>inquit,</span> <span class='ocrx_word' id='word_1_172' title='bbox 2456 2760 2693 2832; x_wconf 72' lang='lat' dir='ltr'>nescit,</span> <span class='ocrx_word' id='word_1_173' title='bbox 2756 2773 2920 2835; x_wconf 76' lang='lat' dir='ltr'>qno-</span> 
     </span>
     <span class='ocr_line' id='line_1_22' title="bbox 659 2858 2914 2945; baseline 0 -20"><span class='ocrx_word' id='word_1_174' title='bbox 659 2868 842 2926; x_wconf 82' lang='lat' dir='ltr'>niam</span> <span class='ocrx_word' id='word_1_175' title='bbox 889 2870 1276 2944; x_wconf 73' lang='lat' dir='ltr'>terriyenae</span> <span class='ocrx_word' id='word_1_176' title='bbox 1323 2865 1507 2945; x_wconf 81' lang='lat' dir='ltr'>apud</span> <span class='ocrx_word' id='word_1_177' title='bbox 1549 2883 1696 2927; x_wconf 86' lang='lat' dir='ltr'>eam</span> <span class='ocrx_word' id='word_1_178' title='bbox 1733 2872 2048 2944; x_wconf 80' lang='lat' dir='ltr'>pereunt.</span> <span class='ocrx_word' id='word_1_179' title='bbox 2149 2858 2278 2944; x_wconf 80' lang='lat' dir='ltr'>Qui</span> <span class='ocrx_word' id='word_1_180' title='bbox 2338 2865 2491 2925; x_wconf 89' lang='lat' dir='ltr'>sunt</span> <span class='ocrx_word' id='word_1_181' title='bbox 2548 2861 2658 2925; x_wconf 86' lang='lat' dir='ltr'>isti</span> <span class='ocrx_word' id='word_1_182' title='bbox 2717 2867 2914 2925; x_wconf 86' lang='lat' dir='ltr'>terri-</span> 
     </span>
     <span class='ocr_line' id='line_1_23' title="bbox 655 2966 2918 3052; baseline -0.001 -19"><span class='ocrx_word' id='word_1_183' title='bbox 655 2989 870 3050; x_wconf 73' lang='lat' dir='ltr'>yenae</span> <span class='ocrx_word' id='word_1_184' title='bbox 887 2976 921 3033; x_wconf 70' lang='grc' dir='ltr'><strong><em>ἒ</em></strong></span> <span class='ocrx_word' id='word_1_185' title='bbox 1004 2968 1315 3051; x_wconf 84' lang='lat' dir='ltr'>Exponat</span> <span class='ocrx_word' id='word_1_186' title='bbox 1362 2968 1732 3052; x_wconf 83' lang='lat' dir='ltr'>apostolus:</span> <span class='ocrx_word' id='word_1_187' title='bbox 1796 2970 1906 3051; x_wconf 92' lang='lat' dir='ltr'>qui</span> <span class='ocrx_word' id='word_1_188' title='bbox 1952 2976 2135 3034; x_wconf 84' lang='lat' dir='ltr'>cirea</span> <span class='ocrx_word' id='word_1_189' title='bbox 2175 2972 2404 3050; x_wconf 80' lang='lat' dir='ltr'>fldem,</span> <span class='ocrx_word' id='word_1_190' title='bbox 2452 2966 2683 3049; x_wconf 87' lang='lat' dir='ltr'>inquit,</span> <span class='ocrx_word' id='word_1_191' title='bbox 2734 2973 2918 3031; x_wconf 72' lang='lat' dir='ltr'>eoeei-</span> 
     </span>
     <span class='ocr_line' id='line_1_24' title="bbox 659 3079 918 3141; baseline -0.008 0"><span class='ocrx_word' id='word_1_192' title='bbox 659 3079 918 3141; x_wconf 83' lang='lat' dir='ltr'>derunt.</span> 
     </span>
     <span class='ocr_line' id='line_1_25' title="bbox 835 3178 2923 3274; baseline -0.002 -28"><span class='ocrx_word' id='word_1_193' title='bbox 835 3181 1084 3247; x_wconf 88' lang='lat' dir='ltr'>XXH.</span> <span class='ocrx_word' id='word_1_194' title='bbox 1112 3182 1254 3265; x_wconf 81' lang='lat'>(27)</span> <span class='ocrx_word' id='word_1_195' title='bbox 1282 3180 1412 3248; x_wconf 85' lang='lat' dir='ltr'>Sed</span> <span class='ocrx_word' id='word_1_196' title='bbox 1446 3204 1685 3266; x_wconf 90' lang='lat' dir='ltr'>operae</span> <span class='ocrx_word' id='word_1_197' title='bbox 1709 3183 1987 3266; x_wconf 90' lang='lat' dir='ltr'>pretium</span> <span class='ocrx_word' id='word_1_198' title='bbox 2019 3187 2119 3246; x_wconf 90' lang='lat' dir='ltr'>est</span> <span class='ocrx_word' id='word_1_199' title='bbox 2149 3186 2363 3246; x_wconf 90' lang='lat' dir='ltr'>totum</span> <span class='ocrx_word' id='word_1_200' title='bbox 2390 3181 2602 3263; x_wconf 90' lang='lat' dir='ltr'>ipsum</span> <span class='ocrx_word' id='word_1_201' title='bbox 2632 3178 2923 3274; x_wconf 70' lang='lat' dir='ltr'>apostoli.</span> 
     </span>
     <span class='ocr_line' id='line_1_26' title="bbox 585 3288 2921 3374; baseline -0.004 -13"><span class='ocrx_word' id='word_1_202' title='bbox 585 3319 640 3360; x_wconf 79' lang='lat'>25</span> <span class='ocrx_word' id='word_1_203' title='bbox 661 3290 1011 3373; x_wconf 88' lang='lat' dir='ltr'>capitulum</span> <span class='ocrx_word' id='word_1_204' title='bbox 1066 3290 1433 3373; x_wconf 89' lang='lat' dir='ltr'>diligentius</span> <span class='ocrx_word' id='word_1_205' title='bbox 1488 3296 1913 3374; x_wconf 87' lang='lat' dir='ltr'>pertractare.</span> <span class='ocrx_word' id='word_1_206' title='bbox 2017 3292 2067 3356; x_wconf 86' lang='lat'><strong><em>0</em></strong></span> <span class='ocrx_word' id='word_1_207' title='bbox 2123 3292 2479 3370; x_wconf 77' lang='lat' dir='ltr'>Timothee,</span> <span class='ocrx_word' id='word_1_208' title='bbox 2521 3288 2753 3370; x_wconf 86' lang='lat' dir='ltr'>inquit,</span> <span class='ocrx_word' id='word_1_209' title='bbox 2802 3291 2921 3352; x_wconf 82' lang='lat' dir='ltr'>de·—</span> 
     </span>
     <span class='ocr_line' id='line_1_27' title="bbox 655 3396 2922 3480; baseline -0.001 -18"><span class='ocrx_word' id='word_1_210' title='bbox 655 3404 954 3480; x_wconf 74' lang='lat' dir='ltr'>positnm</span> <span class='ocrx_word' id='word_1_211' title='bbox 1015 3402 1312 3480; x_wconf 74' lang='lat' dir='ltr'>custodi,</span> <span class='ocrx_word' id='word_1_212' title='bbox 1376 3401 1682 3464; x_wconf 76' lang='lat' dir='ltr'>devitans</span> <span class='ocrx_word' id='word_1_213' title='bbox 1732 3402 2068 3480; x_wconf 78' lang='lat' dir='ltr'>profanas</span> <span class='ocrx_word' id='word_1_214' title='bbox 2114 3417 2340 3462; x_wconf 81' lang='lat' dir='ltr'>vocum</span> <span class='ocrx_word' id='word_1_215' title='bbox 2387 3401 2738 3461; x_wconf 72' lang='lat' dir='ltr'>novitates.</span> <span class='ocrx_word' id='word_1_216' title='bbox 2823 3396 2873 3460; x_wconf 86' lang='lat'><strong><em>0</em></strong></span> <span class='ocrx_word' id='word_1_217' title='bbox 2887 3403 2922 3459; x_wconf 71' lang='lat' dir='ltr'>t</span> 
     </span>
     <span class='ocr_line' id='line_1_28' title="bbox 658 3502 2914 3586; baseline -0.003 -15"><span class='ocrx_word' id='word_1_218' title='bbox 658 3504 1062 3571; x_wconf 86' lang='lat' dir='ltr'>Exclamatio</span> <span class='ocrx_word' id='word_1_219' title='bbox 1130 3504 1258 3569; x_wconf 90' lang='lat' dir='ltr'>ista</span> <span class='ocrx_word' id='word_1_220' title='bbox 1326 3510 1393 3569; x_wconf 90' lang='lat' dir='ltr'>et</span> <span class='ocrx_word' id='word_1_221' title='bbox 1459 3504 1926 3586; x_wconf 86' lang='lat' dir='ltr'>praescientiae</span> <span class='ocrx_word' id='word_1_222' title='bbox 1997 3510 2098 3569; x_wconf 89' lang='lat' dir='ltr'>est</span> <span class='ocrx_word' id='word_1_223' title='bbox 2162 3502 2412 3585; x_wconf 89' lang='lat' dir='ltr'>pariter</span> <span class='ocrx_word' id='word_1_224' title='bbox 2471 3507 2537 3567; x_wconf 90' lang='lat' dir='ltr'>et</span> <span class='ocrx_word' id='word_1_225' title='bbox 2597 3502 2914 3566; x_wconf 73' lang='lat' dir='ltr'>caritatis,</span> 
     </span>
     <span class='ocr_line' id='line_1_29' title="bbox 659 3607 2918 3694; baseline -0.003 -17"><span class='ocrx_word' id='word_1_226' title='bbox 659 3611 1093 3678; x_wconf 78' lang='lat' dir='ltr'>Praevidebat</span> <span class='ocrx_word' id='word_1_227' title='bbox 1138 3613 1308 3677; x_wconf 89' lang='lat' dir='ltr'>enim</span> <span class='ocrx_word' id='word_1_228' title='bbox 1352 3611 1642 3693; x_wconf 80' lang='lat' dir='ltr'>futur08,</span> <span class='ocrx_word' id='word_1_229' title='bbox 1694 3632 1855 3694; x_wconf 90' lang='lat' dir='ltr'>quos</span> <span class='ocrx_word' id='word_1_230' title='bbox 1903 3611 2099 3677; x_wconf 88' lang='lat' dir='ltr'>etiam</span> <span class='ocrx_word' id='word_1_231' title='bbox 2142 3607 2586 3694; x_wconf 82' lang='lat' dir='ltr'>praedolebat,</span> <span class='ocrx_word' id='word_1_232' title='bbox 2636 3629 2918 3674; x_wconf 59' lang='lat' dir='ltr'>errores,</span> 
     </span>
     <span class='ocr_line' id='line_1_30' title="bbox 660 3715 2908 3802; baseline -0.001 -20"><span class='ocrx_word' id='word_1_233' title='bbox 660 3717 819 3802; x_wconf 75' lang='lat' dir='ltr'>Quis</span> <span class='ocrx_word' id='word_1_234' title='bbox 867 3725 966 3783; x_wconf 88' lang='lat' dir='ltr'>est</span> <span class='ocrx_word' id='word_1_235' title='bbox 1011 3717 1202 3783; x_wconf 91' lang='lat' dir='ltr'>hodie</span> <span class='ocrx_word' id='word_1_236' title='bbox 1247 3722 1614 3783; x_wconf 77' lang='lat' dir='ltr'>Timotheus</span> <span class='ocrx_word' id='word_1_237' title='bbox 1646 3719 1770 3782; x_wconf 88' lang='lat' dir='ltr'>nisi</span> <span class='ocrx_word' id='word_1_238' title='bbox 1816 3717 1914 3783; x_wconf 89' lang='lat' dir='ltr'>vel</span> <span class='ocrx_word' id='word_1_239' title='bbox 1961 3717 2348 3800; x_wconf 87' lang='lat' dir='ltr'>generaliter</span> <span class='ocrx_word' id='word_1_240' title='bbox 2385 3716 2679 3782; x_wconf 89' lang='lat' dir='ltr'>universa</span> <span class='ocrx_word' id='word_1_241' title='bbox 2710 3715 2908 3781; x_wconf 91' lang='lat' dir='ltr'>eccle-</span> 
     </span>
     <span class='ocr_line' id='line_1_31' title="bbox 587 3824 2916 3909; baseline -0.003 -14"><span class='ocrx_word' id='word_1_242' title='bbox 587 3855 640 3895; x_wconf 82' lang='lat'>30</span> <span class='ocrx_word' id='word_1_243' title='bbox 660 3828 754 3893; x_wconf 87' lang='lat' dir='ltr'>sia</span> <span class='ocrx_word' id='word_1_244' title='bbox 797 3826 899 3890; x_wconf 86' lang='lat' dir='ltr'>vel</span> <span class='ocrx_word' id='word_1_245' title='bbox 944 3825 1308 3909; x_wconf 85' lang='lat' dir='ltr'>specialiter</span> <span class='ocrx_word' id='word_1_246' title='bbox 1351 3831 1565 3892; x_wconf 89' lang='lat' dir='ltr'>totum</span> <span class='ocrx_word' id='word_1_247' title='bbox 1599 3846 1833 3908; x_wconf 88' lang='lat' dir='ltr'>corpus</span> <span class='ocrx_word' id='word_1_248' title='bbox 1862 3825 2406 3908; x_wconf 86' lang='lat' dir='ltr'>praepositorum,</span> <span class='ocrx_word' id='word_1_249' title='bbox 2455 3825 2564 3906; x_wconf 86' lang='lat' dir='ltr'>qui</span> <span class='ocrx_word' id='word_1_250' title='bbox 2594 3824 2916 3906; x_wconf 80' lang='lat' dir='ltr'>integram</span> 
     </span>
    </p>
   </div>
   <div class='ocr_carea' id='block_1_3' title="bbox 659 3988 1087 3997">
    <p class='ocr_par' dir='ltr' id='par_1_3' title="bbox 659 3988 1087 3997">
     <span class='ocr_line' id='line_1_32' title="bbox 659 3988 1087 3997; baseline 0 1112"><span class='ocrx_word' id='word_1_251' title='bbox 659 3988 1087 3997; x_wconf 95' lang='lat' dir='ltr'> </span> 
     </span>
    </p>
   </div>
   <div class='ocr_carea' id='block_1_4' title="bbox 659 4072 2918 4235">
    <p class='ocr_par' dir='ltr' id='par_1_4' title="bbox 659 4072 2918 4235">
     <span class='ocr_line' id='line_1_33' title="bbox 840 4072 2918 4144; baseline -0.002 -13"><span class='ocrx_word' id='word_1_252' title='bbox 840 4079 906 4131; x_wconf 89' lang='lat'>17</span> <span class='ocrx_word' id='word_1_253' title='bbox 944 4076 1113 4131; x_wconf 77' lang='lat' dir='ltr'>Prov.</span> <span class='ocrx_word' id='word_1_254' title='bbox 1151 4077 1300 4144; x_wconf 84' lang='lat'>9,15</span> <span class='ocrx_word' id='word_1_255' title='bbox 1336 4105 1410 4114; x_wconf 88' lang='lat'><em>-</em></span> <span class='ocrx_word' id='word_1_256' title='bbox 1448 4076 1534 4129; x_wconf 85' lang='lat'>18.</span> <span class='ocrx_word' id='word_1_257' title='bbox 1795 4076 1865 4129; x_wconf 81' lang='lat'>22</span> <span class='ocrx_word' id='word_1_258' title='bbox 1905 4077 1953 4129; x_wconf 91' lang='lat'>1.</span> <span class='ocrx_word' id='word_1_259' title='bbox 1990 4074 2132 4128; x_wconf 69' lang='lat' dir='ltr'>Tim.</span> <span class='ocrx_word' id='word_1_260' title='bbox 2170 4076 2223 4141; x_wconf 87' lang='lat'>6,</span> <span class='ocrx_word' id='word_1_261' title='bbox 2262 4075 2352 4127; x_wconf 81' lang='lat'>21.</span> <span class='ocrx_word' id='word_1_262' title='bbox 2569 4074 2640 4127; x_wconf 82' lang='lat'>25</span> <span class='ocrx_word' id='word_1_263' title='bbox 2679 4075 2730 4127; x_wconf 90' lang='lat'>1.</span> <span class='ocrx_word' id='word_1_264' title='bbox 2765 4072 2918 4127; x_wconf 75' lang='lat' dir='ltr'>Tim.</span> 
     </span>
     <span class='ocr_line' id='line_1_34' title="bbox 659 4170 1837 4235; baseline -0.013 -14"><span class='ocrx_word' id='word_1_265' title='bbox 659 4170 710 4235; x_wconf 86' lang='lat'>6,</span> <span class='ocrx_word' id='word_1_266' title='bbox 748 4170 835 4223; x_wconf 83' lang='lat'>20.</span> <span class='ocrx_word' id='word_1_267' title='bbox 1829 4197 1837 4206; x_wconf 90' lang='lat'>.</span> 
     </span>
    </p>
   </div>
  </div>
 </body>
</html>
