3292 5109
644 590 726 650 26
1400 631 1408 638 .
1590 585 1770 640 xv11
1801 584 1943 657 (23).

637 746 915 812 lustrata
959 746 1285 831 martyriO,
1350 746 1579 812 deinde
1624 768 1745 830 pro
1794 745 2055 812 Christo
2103 769 2234 812 non
2283 747 2490 812 solum
2533 752 2725 830 patre
2772 748 2891 814 sed

641 855 813 920 omni
859 876 1119 938 quoque
1165 853 1475 920 facultate
1518 856 1840 938 privatuS,
1901 860 2156 920 tantum
2200 856 2373 920 inter
2417 861 2682 920 sanctae
2729 878 2892 939 pau-

636 963 909 1044 pertatis
954 960 1228 1044 profecit
1274 963 1625 1045 angustias,
1674 968 1749 1026 ut
1793 983 1914 1044 pro
1962 963 2216 1027 nomine
2251 961 2610 1027 dominicae
2643 962 2894 1028 confes·

641 1069 839 1133 sionis
888 1068 1163 1152 saepiuS,
1211 1073 1287 1132 ut
1328 1067 1566 1150 ferunt,
1615 1067 2062 1151 adfligeretur!
2140 1068 2373 1152 Neque
2419 1091 2571 1142 vero
2618 1070 2777 1135 haec
2822 1070 2889 1133 in

591 1199 617 1239 5
636 1174 746 1240 illo
807 1175 948 1241 sola
1006 1181 1224 1257 erant,
1292 1197 1456 1258 quae
1514 1181 1751 1240 cuncta
1794 1180 2025 1258 postea
2069 1176 2419 1241 tentationi
2461 1175 2702 1259 forent,
2774 1177 2892 1242 sed

639 1287 823 1346 tanta
868 1282 1062 1346 etiam
1108 1283 1201 1345 vis
1246 1282 1514 1365 ingenii,
1572 1288 1710 1347 tam
1754 1282 2088 1365 profundi,
2144 1288 2276 1348 tam
2325 1284 2523 1366 acris,
2580 1290 2715 1349 tam
2763 1283 2891 1349 ele·

638 1390 881 1473 gantis,
947 1395 1022 1454 ut
1069 1411 1292 1455 omnes
1337 1411 1544 1473 paene
1590 1390 1861 1455 multum
1908 1390 2225 1474 longeque
2281 1386 2646 1474 superaret,
2705 1396 2897 1456 tanta

638 1497 972 1563 doctrinae
1003 1519 1080 1562 ac
1113 1499 1319 1564 totius
1352 1497 1734 1563 eruditionis
1765 1496 2260 1581 magnificentia,
2308 1505 2382 1562 ut
2422 1520 2635 1582 pauca
2672 1499 2896 1564 forent

639 1605 917 1686 divinae,
979 1625 1186 1687 paene
1246 1604 1523 1669 fortasse
1583 1604 1762 1669 nulla
1814 1605 2134 1670 humanae
2181 1605 2659 1689 philosophiae,
2723 1626 2893 1689 quae

565 1737 618 1775 ιο
636 1732 769 1776 non
814 1713 1072 1792 penitus
1118 1711 1617 1794 adsequeretur3
1681 1713 1863 1776 cuius
1910 1712 2216 1777 scientiae
2264 1734 2407 1777 cum
2457 1734 2692 1795 graeca
2738 1734 2893 1778 con-

637 1819 960 1902 cederent,
1008 1819 1289 1884 hebraea
1330 1840 1586 1902 quoque
1621 1819 1954 1884 elaborata
1987 1826 2155 1887 sunt.
2236 1819 2693 1903 Eloquentiam
2737 1842 2893 1886 vero

639 1927 793 2010 quid
823 1948 1192 2009 memorem,
1241 1926 1421 1990 cuius
1454 1926 1577 1991 fuit
1617 1932 1754 1991 tam
1794 1946 2086 2009 amoena,
2134 1933 2272 1992 tam
2301 1928 2533 2011 lactea,
2583 1934 2720 1994 tam
2751 1927 2888 1992 dul-

637 2036 728 2099 cis
776 2035 1004 2117 oratio,
1053 2041 1126 2099 ut
1171 2034 1326 2098 mihi
1373 2055 1452 2098 ex
1499 2055 1612 2099 ore
1657 2035 1859 2116 ipsius
1903 2009 2033 2100 non
2080 2040 2212 2100 tam
2245 2035 2442 2099 verba
2473 2056 2669 2117 quam
2698 2034 2895 2100 mella

637 2143 955 2225 quaedam
1014 2141 1272 2207 fluxisse
1332 2141 1703 2206 videantur!
1800 2139 1983 2224 Quae
2030 2162 2157 2206 non
2202 2141 2308 2206 ille
2353 2163 2666 2225 persuasu
2726 2140 2892 2206 diffi-

565 2275 617 2313 15
639 2249 784 2314 cilia
831 2248 1201 2332 disputandi
1246 2248 1484 2312 viribus
1533 2247 1954 2331 elimpidavit,
2018 2269 2184 2331 quae
2238 2248 2416 2313 factu
2474 2250 2679 2314 ardua
2736 2269 2896 2330 non,

635 2361 710 2420 ut
755 2355 1058 2420 facillima
1084 2354 1487 2434 viderentur,
1539 2353 1800 2419 effecit?
1893 2351 2023 2419 Sed
2055 2353 2334 2419 forsitan
2363 2361 2894 2437 argumentorum·

636 2462 1084 2527 tantummodo
1133 2461 1402 2526 nexibus
1451 2460 1853 2526 adsertiones
1912 2481 2060 2525 suas
2106 2461 2364 2525 texuit?
2442 2462 2651 2527 Immo
2698 2464 2894 2546 plane

636 2593 838 2636 nemo*
870 2591 1183 2654 umquam*
1221 2570 1679 2652 magistrorum
1722 2568 1866 2650 fuit,
1915 2569 2024 2653 qui
2070 2568 2361 2651 pluribus
2408 2570 2660 2635 divinae
2691 2569 2892 2655 Legis

636 2684 926 2744 uteretur
973 2677 1296 2760 exemplis.
1392 2675 1544 2760 Sed,
1607 2677 1826 2758 credo,
1888 2698 2096 2760 pauca
2151 2678 2581 2761 conscripsit?
2674 2677 2891 2743 Nemo

564 2809 618 2846 20
638 2786 1004 2852 mortalium
1048 2786 1255 2869 plura,
1303 2791 1380 2849 ut
1423 2781 1578 2851 mihi
1622 2807 1741 2851 sua
1790 2787 2007 2851 omnia
2053 2807 2185 2850 non
2232 2786 2441 2851 solum
2487 2786 2729 2869 perlegi
2775 2769 2893 2852 sed

636 2915 717 2959 ne
761 2894 1032 2959 inveniri
1077 2893 1336 2977 quidem
1382 2914 1575 2976 posse
1622 2893 1994 2976 videantur,
2060 2892 2193 2974 cui,
2253 2915 2335 2957 ne
2394 2892 2748 2976 quidquam
2806 2893 2892 2958 ad

637 3001 943 3067 scientiae
1005 3002 1436 3066 instrumenta
1483 3002 1766 3082 deesset,
1829 3002 2024 3065 etiam
2070 3000 2409 3083 plenitudo
2459 2999 2893 3064 exabundavit

638 3110 894 3174 aetatis,
971 3107 1102 3174 Sed
1148 3109 1418 3173 forsitan
1467 3108 1795 3192 discipulis
1840 3120 2073 3190 parum
2116 3107 2318 3171 felix?
2381 3105 2542 3189 Quis
2585 3122 2898 3190 umquam·

638 3217 935 3282 felicior?
1026 3214 1280 3299 Nempe
1327 3216 1641 3280 innumeri
1689 3237 1768 3279 ex
1814 3215 1957 3279 sinu
2002 3236 2120 3279 suo
2180 3214 2485 3279 doctores
2497 3264 2515 3297 ,
2575 3215 2891 3279 innumeri

566 3342 620 3382 25
639 3325 1011 3390 sacerdotes
1081 3323 1483 3389 confessores
1545 3329 1612 3387 et
1682 3327 1996 3405 martyres
2055 3322 2426 3386 extiterunt.
2522 3322 2576 3388 J
2577 3344 2680 3387 am
2739 3342 2892 3387 vero

641 3437 883 3515 quanta
929 3431 1102 3514 apud
1149 3450 1368 3495 omnes
1421 3428 1589 3493 illius
1636 3428 1977 3493 admiratio
1996 3479 2010 3508 ‚
2079 3434 2323 3511 quanta
2369 3429 2598 3513 gloria,
2650 3435 2896 3512 quanta

639 3540 849 3623 gratia
894 3538 1110 3621 fuerit,
1160 3539 1301 3622 quis
1350 3538 1610 3620 exsequi
1657 3536 1919 3601 valeat?
1997 3534 2157 3619 Quis
2204 3558 2336 3603 non
2384 3536 2466 3601 ad
2509 3558 2654 3602 eum
2695 3537 2895 3620 paulo

639 3646 997 3730 religiosior
1043 3667 1122 3710 ex
1165 3644 1405 3709 ultimis
1450 3643 1672 3707 mundi
1714 3642 2009 3726 partibus
2058 3643 2429 3709 advolavit?
2501 3641 2661 3726 Quis
2707 3642 2898 3708 Chri-

641 3756 999 3819 stianorum
1037 3774 1169 3817 non
1209 3772 1416 3834 paene
1457 3756 1532 3814 ut
1560 3750 1968 3833 prophetam,
2019 3751 2161 3833 quis
2194 3750 2733 3834 philosophorum
2762 3772 2896 3815 non

569 3885 624 3924 30
641 3867 716 3925 ut
760 3861 1138 3942 magistrum
1185 3864 1527 3925 veneratus
1576 3858 1724 3923 est?
1818 3855 2030 3940 Quam
2076 3865 2294 3923 autem
2340 3879 2467 3922 non
2515 3858 2715 3923 solum
2764 3858 2897 3941 pri·

641 3974 832 4032 vatae
881 3966 1257 4047 conditioni,
1307 3965 1422 4030 sed
1466 3966 1591 4049 ipsi
1639 3987 1898 4048 quoque
1944 3965 2140 4030 fuerit
2178 3965 2567 4031 reverendus
2597 3965 2895 4048 imperiO,

644 4072 978 4139 declarant
1022 4072 1352 4155 historiae,
1401 4094 1565 4157 quae
1601 4095 1746 4139 eum
1788 4095 1827 4138 a
1856 4078 2073 4164 matre·
2097 4071 2455 4137 Alexandri
2485 4072 2896 4155 imperatoris

644 4183 922 4247 accitum
968 4181 1214 4262 ferunt,
1266 4181 1558 4247 caelestis
1605 4181 1834 4263 utique
1880 4180 2236 4263 sapientiae
2284 4179 2552 4261 merito,
2596 4180 2776 4244 cuius
2826 4185 2897 4244 et
