3292 5109
1236 576 1410 647 (xm
1446 575 1759 645 19)—XIV
1796 577 1928 648 (20).
2612 582 2696 643 21

446 740 597 804 dam
642 739 891 804 unitate
937 759 1272 821 personae.
1365 738 1601 821 Neque
1649 739 1817 802 enim
1860 738 1966 803 illa
2012 737 2379 804 coniunctio
2428 738 2701 803 alterum

446 846 516 914 in
560 844 836 909 alterum
895 846 1217 910 convertit
1275 850 1468 928 atque
1513 845 1817 927 mutavit,
1875 845 1987 928 qui
2031 849 2130 911 est
2176 865 2356 910 error
2399 845 2701 929 proprius

447 950 901 1034 Atrianorum,
950 952 1065 1017 sed
1093 953 1187 1017 ita
1227 954 1293 1017 in
1340 974 1538 1017 unum
1585 953 1805 1035 potius
1849 958 2194 1035 utrumque
2241 954 2579 1036 compegit,
2627 958 2701 1017 ut

448 1065 751 1124 manente
795 1079 1051 1142 semper
1104 1060 1169 1124 in
1215 1057 1477 1151 Christo
1542 1059 1988 1142 singularitate
2055 1060 2240 1124 unius
2286 1060 2699 1142 eiusdemque

448 1186 782 1248 personae,
828 1166 895 1230 in
941 1172 1279 1231 aeternum
1339 1187 1597 1249 quoque
1657 1151 2034 1249 permaneat
2078 1168 2441 1250 proprietas
2488 1167 2698 1230 unius-
2719 1193 2750 1233 5

451 1273 761 1355 cuiusque
806 1279 1096 1355 naturae,
1147 1295 1276 1356 quo
1324 1272 1568 1338 scilicet
1612 1294 1734 1338 nec
1763 1294 2069 1355 umquam
2103 1273 2259 1338 deus
2292 1294 2528 1356 corpus
2562 1294 2702 1338 esse

447 1378 746 1461 incipiat,
793 1400 912 1443 nec
956 1378 1300 1462 aliquando
1349 1400 1584 1463 corpus
1644 1400 1881 1462 corpus
1942 1400 2080 1445 esse
2127 1380 2418 1445 desistat.
2512 1377 2704 1462 Quod

451 1486 649 1558 etiam
693 1486 1010 1551 humanae
1072 1486 1462 1551 conditionis
1524 1486 2010 1553 demonstratur
2061 1486 2376 1569 exemplo.
2468 1485 2702 1569 Neque

453 1594 622 1657 enim
665 1594 735 1658 in
779 1594 1105 1677 praesenti
1151 1599 1405 1659 tantum
1452 1594 1569 1660 sed
1611 1596 1680 1659 in
1727 1594 1948 1661 futuro
1981 1615 2238 1678 quoque
2271 1596 2702 1677 unusquisque

452 1701 781 1765 hominum
828 1723 906 1766 ex
939 1703 1153 1766 anima
1199 1702 1524 1767 constabit
1556 1708 1623 1767 et
1656 1691 1950 1786 corpore,
1999 1723 2119 1766 nec
2151 1707 2370 1767 tamen
2399 1724 2704 1785 umquam
2724 1729 2777 1768 10

453 1813 568 1872 aut
600 1829 836 1890 corpus
866 1810 935 1872 in
966 1809 1243 1873 animam
1274 1814 1388 1874 aut
1421 1810 1632 1874 anima
1663 1815 1949 1874 vertetur
1977 1810 2043 1872 in
2084 1830 2343 1892 corpuS,
2391 1809 2507 1874 sed
2550 1831 2705 1875 uno-

455 1937 715 1997 quoque
736 1915 1069 1979 hominum
1094 1916 1231 1980 sine
1254 1915 1379 1980 fine
1404 1917 1677 1999 victuro,
1709 1917 1774 1980 in
1801 1937 2188 1999 unoquoque
2212 1916 2544 1981 hominum
2568 1917 2705 1981 sine

427 2021 581 2103 ‘fine
628 2022 995 2087 necessario
1040 2022 1376 2105 utriusque
1425 2023 1826 2088 substantiae
1875 2022 2239 2088 differentia.
2283 2023 2705 2106 permanebit.

457 2128 565 2194 Ita
608 2129 677 2192 in
710 2127 971 2195 Christo
1005 2150 1265 2211 quoque
1298 2130 1631 2213 utriusque
1665 2129 2063 2196 substantiae
2096 2151 2213 2195 sua
2245 2132 2473 2213 cuique
2503 2131 2570 2194 in
2601 2152 2705 2195 ae-

457 2241 717 2300 ternum
739 2236 1124 2319 proprietaS,
1151 2236 1326 2301 salva
1347 2242 1566 2302 tamen
1589 2258 1905 2320 personae
1924 2238 2198 2320 unitate,
2222 2238 2561 2302 retinenda
2586 2243 2704 2305 est.
2727 2261 2779 2301 15

634 2343 836 2411 XIV.
883 2342 1026 2429 (20)
1074 2341 1207 2408 Sed
1272 2365 1418 2408 cum
1484 2365 1830 2426 personam
1885 2345 2142 2427 saepius
2187 2346 2593 2410 nominamus
2641 2350 2707 2409 et

458 2450 756 2531 dicimuS,
822 2449 998 2532 quod
1060 2450 1218 2516 deus
1282 2472 1398 2534 per
1454 2472 1800 2533 personam
1846 2452 2040 2516 homo
2087 2451 2299 2516 factus
2352 2452 2467 2534 sit,
2528 2452 2707 2516 vehe-

455 2564 706 2622 menter
749 2558 1107 2622 verendum
1152 2566 1281 2640 est,
1336 2580 1418 2623 ne
1465 2558 1590 2623 hoc
1636 2558 1850 2623 dicere
1897 2558 2257 2641 videamur,
2315 2558 2493 2642 quod
2550 2558 2708 2622 deus

456 2664 720 2729 verbum
766 2664 909 2729 sola
954 2665 1314 2730 imitatione
1361 2666 1658 2747 actioniS,
1708 2686 1873 2748 quae
1921 2671 2072 2729 sunt
2118 2671 2366 2748 nostra,
2415 2686 2710 2749 suscepe-

455 2772 564 2851 rit,
626 2778 729 2853 et,
793 2772 1108 2854 quidquid
1167 2772 1328 2836 illud
1389 2778 1493 2836 est
1551 2774 2059 2838 conversationis
2117 2773 2467 2855 humanae,
2528 2772 2711 2855 quasi
2728 2799 2783 2838 20

457 2878 877 2943 adumbratus
923 2899 1058 2943 non
1104 2879 1287 2960 quasi
1330 2900 1518 2943 verus
1563 2879 1760 2943 homo
1808 2878 2065 2962 feceritz,
2115 2880 2284 2944 sicut
2327 2879 2396 2943 in
2440 2879 2710 2943 theatris
2808 2889 2811 2891 ’

455 2983 595 3050 fieri
640 2985 828 3067 solet,
876 2984 986 3049 ubi
1032 3005 1197 3049 unus
1228 2984 1443 3067 plures
1477 2983 1727 3067 effingit
1756 2991 2024 3069 repente
2055 3006 2388 3068 personaS,
2436 3008 2710 3068 quarum

455 3093 594 3176 ipse
639 3092 817 3157 nulla
863 3098 982 3158 est.
1036 3090 1607 3175 Quotiescumque
1658 3094 1894 3158 etenim
1939 3093 2154 3176 aliqua
2198 3094 2543 3176 suscipitur
2573 3093 2711 3157 imi-

455 3200 617 3264 tatio
661 3201 933 3265 actionis
981 3200 1248 3281 alienae,
1296 3200 1392 3264 ita
1422 3200 1693 3266 aliorum
1730 3199 1939 3265 officia
1969 3207 2082 3265 aut
2115 3209 2313 3283 opera
2342 3205 2708 3283 patrantur,
2798 3276 2804 3281 ,

455 3313 529 3372 ut
575 3313 792 3372 tamen
838 3308 923 3388 hi,
975 3309 1084 3391 qui
1129 3313 1354 3391 agunt,
1401 3329 1531 3372 non
1579 3308 1709 3372 sint
1753 3308 1896 3389 ipsi,
1946 3328 2109 3390 quos
2158 3314 2379 3390 agunt.
2471 3306 2706 3389 Neque
2727 3333 2784 3373 25

457 3416 644 3494 enim,
666 3454 754 3463 —-
780 3421 853 3480 ut
876 3415 1056 3480 verbi
1077 3416 1287 3497 gratia
1310 3416 1740 3480 saecularium
1760 3415 1849 3500 [et
1868 3413 2424 3499 Manichaeorum]
2452 3419 2713 3479 utamur

458 3523 761 3604 exemplis
794 3560 881 3570 --
914 3544 1058 3587 cum
1091 3528 1278 3587 actor
1307 3523 1592 3605 tragicus
1626 3522 2031 3587 sacerdotem
2055 3520 2300 3604 effingit
2332 3526 2446 3585 aut
2469 3542 2707 3604 regem,

457 3629 760 3695 sacerdos
805 3635 922 3695 aut
964 3651 1079 3695 rex
1126 3637 1256 3713 est3
1304 3650 1452 3694 nam
1487 3630 1817 3694 desinente
1864 3638 2015 3707 actu
2046 3629 2235 3693 simul
2274 3634 2338 3693 et
2371 3650 2468 3710 ea,
2517 3651 2712 3712 quam

457 3743 861 3819 susceperat,
927 3758 1209 3820 persona
1256 3736 1528 3801 desistit.
1626 3735 1826 3800 Absit
1884 3735 2012 3800 hoc
2058 3757 2098 3799 a
2141 3735 2329 3800 nobis
2395 3735 2710 3807 nefarium

458 3844 968 3926 sceleratumque
1014 3842 1377 3908 ludibrium.
1471 3841 2007 3908 Manichaeorum
2054 3842 2135 3906 sit
2190 3842 2318 3906 ista
2363 3842 2709 3924 dementia,
2732 3866 2786 3905 30

403 4026 407 4030 ,
458 3951 591 4033 qui,
621 3950 1000 4034 phantasiae
1033 3952 1536 4035 praedicatores,
1574 3951 1756 4014 aiunt
1785 3949 1985 4014 filium
2010 3949 2113 4014 dei
2146 3949 2336 4014 deum
2365 3970 2713 4032 personam

456 4056 729 4124 hominis
775 4078 908 4122 non
955 4058 1354 4123 substantive
1401 4058 1686 4122 extitisse
1742 4055 1858 4121 sed
1901 4064 2055 4122 actu
2099 4057 2393 4139 putativo
2427 4055 2714 4138 quodam

459 4170 524 4229 et
571 4165 1055 4230 conversatione
1105 4164 1458 4230 simulasse.
1531 4161 1873 4228 Catholica
1904 4184 2053 4228 vero
2099 4161 2259 4227 fides
2305 4164 2398 4228 ita
2444 4163 2713 4228 verbum
2771 4192 2797 4214 ο
