3292 5109
1327 586 1506 643 xvir
1539 588 1676 657 (23).
2537 589 2618 648 27

369 754 476 819 ille
524 753 736 836 gratia
781 757 850 816 et
895 772 1117 816 amore
1162 750 1273 814 illa
1317 748 1677 833 flagrabat3
1729 746 1845 811 sed
1892 751 1959 810 et
1990 745 2275 810 eiusdem
2306 744 2623 828 epistulae

373 859 811 925 testimonium
857 857 1218 942 perhibent,
1270 876 1429 939 quas
1471 854 1557 920 ad
1587 854 1958 937 Philippum
1987 853 2467 935 imperatorem,
2516 851 2626 934 qui

371 967 613 1050 primus
673 965 1120 1030 Romanorum
1181 963 1546 1047 principum
1601 959 2011 1026 Christianus
2073 958 2226 1042 fuit,
2291 958 2625 1023 christiani

373 1074 726 1156 magisterii
771 1072 1169 1138 auctoritate
1202 1070 1605 1153 conscripsit.
1685 1068 1791 1132 De
1839 1068 2018 1132 cuius
2064 1065 2423 1130 incredibili
2471 1086 2624 1148 qua-

354 1180 522 1248 dam
554 1164 842 1261 scientia,
891 1180 944 1243 si
976 1179 1119 1261 quis
1152 1177 1578 1243 referentibus
1616 1175 1808 1240 nobis
1850 1175 2266 1239 christianum
2296 1194 2427 1237 non
2461 1172 2623 1237 acci-
2643 1197 2672 1240 s

371 1288 470 1369 pit
525 1287 996 1368 testimonium,
1053 1285 1282 1349 saltem
1329 1282 1828 1348 testificantibus
1874 1281 2275 1365 philosophis
2323 1280 2626 1363 gentilem

372 1394 663 1477 recipiat·
690 1394 1180 1459 confessionem.
1274 1390 1396 1455 Ait
1450 1411 1728 1473 namque
1772 1390 2006 1472 impius
2051 1388 2156 1452 ille
2202 1388 2624 1471 Porphyrius,

373 1502 651 1566 excitum
701 1522 769 1565 se
807 1499 983 1564 fama
1020 1500 1221 1582 ipsius
1253 1498 1725 1563 Alexandriam
1770 1518 2041 1580 puerum
2086 1495 2219 1560 fere
2266 1495 2626 1577 perrexisse

371 1609 586 1691 ibique
634 1630 780 1673 eum
826 1608 1058 1673 vidisse
1103 1607 1231 1671 iam
1288 1626 1506 1670 senem
1565 1604 1681 1669 sed
1727 1604 1919 1687 plane
1975 1604 2172 1668 talem
2218 1609 2623 1685 tantumque,

374 1716 484 1798 qui
530 1737 746 1781 arcem
792 1716 999 1780 totius
1047 1714 1357 1779 scientiae
1404 1713 1816 1779 condidisset.
1909 1712 2071 1777 Dies
2125 1732 2226 1776 me
2283 1712 2471 1776 citius
2517 1711 2623 1775 de·
2644 1739 2696 1779 ιο

371 1822 617 1904 fecerit,
666 1844 863 1904 quam
910 1843 1009 1904 ea,
1060 1842 1224 1904 quae
1269 1822 1338 1885 in
1383 1821 1493 1885 illo
1541 1821 1678 1886 viro
1726 1820 2069 1902 praeclara
2100 1820 2478 1901 extiterunt,
2525 1819 2625 1883 vel

373 1949 452 1992 ex
495 1929 758 1993 minima
806 1929 1037 1993 saltem
1081 1933 1269 2011 parte
1315 1927 1748 2010 perstringam
1794 1963 1879 1974 ——·
1929 1948 2094 2009 quae
2142 1932 2358 1990 tamen
2411 1926 2625 1990 omnia

373 2057 506 2099 non
553 2035 760 2100 solum
809 2035 893 2099 ad
948 2034 1272 2118 religionis
1331 2033 1602 2117 gloriam
1672 2032 1787 2097 sed
1846 2034 2039 2097 etiam
2103 2034 2187 2098 ad
2247 2033 2625 2097 tentationis

373 2142 881 2225 magnitudinem
924 2141 1360 2224 pertinebant.
1455 2140 1712 2225 Quotus
1770 2141 1934 2206 enim
1991 2141 2261 2224 quisque
2316 2141 2486 2204 tanti
2528 2140 2622 2204 in·

375 2250 569 2332 genii,
630 2254 871 2313 tantae¹
919 2249 1287 2331 doctrinae,
1347 2254 1572 2313 tantae
1629 2248 1877 2329 gratiae
1932 2249 2134 2311 virum
2177 2246 2230 2333 †
2276 2254 2391 2312 aut
2437 2247 2623 2312 facile
2643 2272 2696 2312 15

372 2356 756 2440 deponeret,
824 2377 900 2420 ac
961 2377 1097 2422 non
1151 2354 1263 2419 illa
1317 2356 1534 2438 potius
1591 2360 1888 2419 uteretur
1933 2356 2286 2437 sententia,
2353 2376 2420 2419 se
2479 2375 2624 2419 cum

371 2460 650 2546 Origene
698 2484 913 2528 errare
962 2462 1151 2527 malle
1199 2484 1392 2546 quam
1441 2484 1586 2527 cum
1618 2463 1755 2527 aliis
1786 2484 1939 2527 vera
1968 2462 2257 2527 sentire?
2334 2462 2429 2526 Et
2469 2462 2624 2545 quid

370 2571 607 2653 plura?
699 2571 802 2635 Eo
848 2592 952 2635 res
1000 2569 1261 2650 decidit,
1320 2575 1394 2633 ut
1438 2575 1663 2634 tantae
1709 2590 2042 2653 personae,
2099 2570 2269 2633 tanti
2316 2569 2620 2650 doctoris»,

371 2678 540 2742 tanti
582 2677 945 2759 prophetae
992 2698 1125 2741 non
1171 2680 1461 2742 humana
1506 2676 1725 2759 aliqua
1769 2677 1912 2759 sed,
1976 2683 2050 2740 ut
2111 2676 2318 2740 exitus
2381 2676 2620 2756 docuit,

370 2784 635 2848 nimium
680 2782 1044 2867 periculosa
1089 2792 1373 2849 tentatio
1421 2785 1735 2866 plurimos
1795 2805 1835 2847 a
1887 2782 2038 2847 fidei
2091 2768 2465 2865 integritate
2522 2782 2697 2847 de—2o

373 2891 658 2955 duceret.
755 2888 1195 2973 Quamobrem
1258 2890 1361 2955 hic
1425 2891 1594 2955 idem
1644 2888 1961 2972 Origenes
2027 2896 2248 2954 tantus
2314 2911 2391 2955 ac
2453 2890 2624 2972 talis,

372 2997 527 3061 dum
572 2997 782 3079 gratia
823 2997 926 3061 dei
967 2997 1344 3061 insolentius
1377 2998 1690 3078 abutitur,
1741 2997 1894 3061 dum
1924 2998 2179 3082 ingenio
2211 3018 2328 3061 suo
2362 2998 2627 3061 nimium

369 3104 662 3186 indulget
723 3102 970 3185 sibique
1030 3104 1186 3167 satis
1250 3104 1485 3185 credit,
1553 3125 1699 3168 cum
1764 3105 1945 3186 parvi
2007 3104 2234 3187 pendit
2294 3105 2626 3187 antiquam

371 3210 759 3289 christianae
805 3210 1130 3293 religionis
1181 3211 1677 3294 simplicitatem,
1727 3211 1878 3275 dum
1926 3232 1994 3276 se
2041 3212 2186 3293 plus
2233 3211 2478 3275 cunctis
2526 3232 2625 3275 sa-

368 3339 522 3399 pere
581 3318 964 3400 praesumit‚
1029 3318 1185 3381 dum
1243 3318 1715 3383 ecclesiasticas
1770 3318 2158 3383 traditiones
2215 3325 2283 3383 et
2336 3324 2622 3384 veterum
2644 3344 2697 3384 25

368 3425 742 3507 magisteria
789 3431 1208 3489 contemnens
1256 3425 1576 3508 quaedam
1624 3425 2086 3508 scripturarum
2130 3426 2415 3508 capitula
2454 3447 2622 3491 novo

369 3552 550 3596 more
605 3533 1104 3614 interpretatur,
1167 3533 1431 3615 meruit,
1495 3538 1571 3597 ut
1617 3533 1698 3598 de
1746 3553 1815 3597 se
1865 3553 2121 3615 quoque
2160 3532 2474 3598 *ecclesiae
2522 3532 2627 3596 dei

370 3638 733 3703 diceretur:
796 3647 861 3704 si
918 3625 1307 3705 surrexeerat
1348 3647 1421 3705 in
1475 3644 1695 3705 medio
1751 3647 1853 3706 luz·
1884 3643 2254 3723 propheta,
2316 3646 2382 3704 et
2428 3640 2624 3724 paulo

367 3751 552 3828 post:
603 3767 736 3811 non
784 3750 1056 3830 audieS,
1104 3746 1350 3830 inquit,
1395 3751 1596 3814 verba
1630 3752 2005 3830 prophetae
2052 3753 2279 3829 illiusy
2326 3753 2393 3813 et
2437 3748 2622 3812 item:

369 3861 549 3935 quia,
615 3854 845 3936 inquit,
898 3863 1117 3919 tentat
1160 3875 1277 3919 vos
1331 3858 1639 3921 dominus
1688 3859 1853 3920 deu-s·
1898 3866 2140 3937 vester,
2204 3866 2426 3921 utrum
2474 3859 2697 3921 dili-so

363 3968 548 4041 gratis
604 3981 754 4025 eum
811 3982 898 4025 an
954 3981 1107 4026 non.
1201 3961 1377 4028 Vere
1436 3966 1595 4025 non'
1624 3962 1838 4027 solum
1901 3964 2182 4028 tentatio
2255 3963 2369 4027 sed
2430 3963 2625 4028 etiam

506 4171 509 4174 Ἴ
548 4104 615 4156 16
668 4103 737 4157 cf.
777 4102 987 4157 Cicero·
1023 4102 1184 4157 Tusc.
1226 4102 1450 4172 Quaest.
1502 4103 1536 4157 I
1576 4106 1641 4157 17
1662 4125 1722 4159 89.
1943 4107 2009 4159 19
2048 4104 2115 4159 cf.
2159 4107 2205 4159 1.
2245 4104 2370 4159 Cor.
2414 4106 2496 4172 10,
2538 4107 2625 4159 13.

365 4176 437 4228 28
473 4174 636 4229 Deut.
679 4176 763 4242 13,
805 4176 960 4228 1-3.
