3292 5109
672 564 759 626 46
1362 542 1630 616 xxvm
1668 561 2059 630 cim—xxm
2096 562 2227 630 (41).

673 727 779 786 tus
825 722 1237 805 respiciatur:
1288 744 1416 805 quo
1463 723 1634 789 malo
1668 724 1881 788 nescio
1916 744 2000 787 an
2032 723 2384 807 quidquam
2426 723 2719 788 acerbius
2753 723 2923 807 cogi-

671 829 798 893 tari
844 834 1058 911 queat.
1153 827 1348 912 Quod
1392 835 1611 895 tamen
1657 830 1838 894 iuxta
1894 830 2316 913 apostolicam
2361 830 2926 896 comminationem

670 935 1019 1021 Pelagiano
1067 937 1158 1001 illi
1187 937 1557 1020 provenisse
1590 937 1910 1002 cernimus
1942 937 1995 1002 J
1996 937 2234 1018 uliano,
2285 937 2395 1020 qui
2425 959 2493 1002 se
2528 937 2924 1021 collegarum

570 1036 574 1040 ’
671 1044 888 1109 sensui
919 1049 1032 1108 aut
1061 1044 1477 1128 incorporare
1523 1043 1808 1126 neglexit
1840 1050 1952 1108 aut
1993 1065 2423 1127 excorporare
2467 1044 2921 1127 praesumpsit.

623 1175 651 1215 5
850 1149 983 1215 Sed
1011 1152 1142 1216 iam
1172 1157 1428 1236 tempus
1462 1157 1579 1233 est,
1615 1156 1686 1215 ut
1715 1150 2072 1234 pollicitum
2099 1150 2505 1233 proferamus
2544 1150 2921 1234 exemplum,

668 1258 781 1322 ubi
828 1264 895 1323 et
941 1259 1266 1342 quomodo
1329 1265 1700 1324 sanctorum
1761 1264 2021 1341 patrum
2075 1260 2433 1323 sententiae
2491 1265 2923 1342 congregatae

670 1365 820 1448 sint,
869 1374 942 1429 ut
989 1366 1341 1431 secundum
1388 1388 1500 1432 eas
1548 1389 1627 1432 ex
1675 1366 1938 1431 decreto
1988 1371 2185 1448 atque
2232 1366 2622 1443 auctoritate
2671 1366 2925 1431 concilii

670 1473 1145 1539 ecclesiasticae
1202 1473 1352 1537 fidei
1396 1473 1625 1556 regula
1688 1471 2014 1555 figeretur.
2109 1469 2301 1554 Quod
2351 1494 2477 1556 quo
2526 1473 2923 1538 commodius

669 1578 805 1661 fiat,
852 1580 956 1643 hic
1004 1580 1087 1645 sit
1130 1581 1260 1644 iam
1304 1580 1491 1644 huius
1540 1580 2014 1644 commonitorii
2058 1580 2310 1662 moduS,
2359 1585 2435 1644 ut
2467 1585 2705 1660 cetera,
2755 1601 2923 1662 quae

599 1715 653 1753 10
672 1692 1048 1769 sequuntur,
1095 1687 1177 1752 ab
1225 1687 1350 1752 alio
1398 1707 1723 1751 sumamus
1772 1687 2060 1752 exordio.

993 1845 1372 1912 SECUNDUM
1399 1864 1983 1912 COMMONITORIUM
2005 1865 2484 1913 mTERLAPsUM
2505 1866 2661 1930 EST3
2692 1864 2922 1923 NEQUE

882 1971 972 2017 Ex
1017 1962 1107 2019 Eo
1156 1972 1448 2019 AMPLIUS
1497 1971 1858 2030 QUIDQUAM
1903 1971 2092 2030 QUAM
2135 1971 2497 2020 POSTREMA
2539 1971 2926 2018 PARTICULA

882 2079 1247 2141 REMANSIT,
1294 2080 1369 2124 ID
1401 2080 1527 2127 Esr
1576 2078 1749 2126 sonA
1790 2077 2360 2143 RECAPITULArro,
2409 2078 2589 2137 QUAE
2636 2079 2723 2124 ET
2771 2078 2923 2125 SUB-

881 2184 1090 2231 IEOTA
1136 2187 1279 2234 EST.

600 2356 652 2395 15
848 2328 1130 2393 XXIX.
1181 2328 1321 2414 (41)
1366 2326 1551 2411 Quae
1600 2350 1746 2392 cum
1776 2330 1871 2393 ita
1902 2329 2051 2407 sint,
2098 2329 2229 2393 iam
2261 2335 2515 2411 tempus
2549 2334 2665 2408 est,
2716 2333 2788 2392 ut
2821 2349 2922 2409 ea,

671 2456 836 2518 quae
883 2429 1132 2500 duobus
1177 2435 1276 2499 his
1324 2436 1833 2500 commonitoriis
1881 2435 2056 2499 dicta
2101 2441 2272 2517 sunt,
2320 2436 2387 2499 in
2432 2435 2621 2499 huius
2654 2434 2921 2499 secundi

668 2541 794 2606 fine
840 2542 1358 2625 recapitulemus.
1424 2629 1427 2630 ⁷
1474 2543 1773 2607 Diximus
1832 2543 1898 2606 in
1959 2542 2427 2625 superioribus,
2494 2542 2663 2606 hanc
2726 2541 2921 2607 fuisse

668 2671 922 2732 semper
983 2656 1047 2714 et
1091 2644 1250 2716 'esse
1314 2650 1636 2732 hodieque
1698 2649 2163 2715 catholicorum
2223 2649 2784 2731 consuetudinem,
2843 2658 2917 2713 ut

667 2756 858 2821 fidem
907 2778 1122 2822 veram
1185 2757 1438 2821 duobus
1496 2757 1595 2821 his
1656 2757 1864 2821 modis
1920 2756 2311 2840 adprobent:
2384 2758 2660 2840 primum
2723 2755 2920 2820 divini

594 2890 649 2928 20
668 2865 927 2928 canonis
989 2865 1403 2946 auctoritate,
1471 2865 1702 2930 deinde
1764 2864 2073 2929 ecclesiae
2137 2864 2493 2929 catholicae
2548 2863 2915 2928 traditione.

664 2970 820 3036 Non
867 2972 1018 3054 quia
1063 2993 1274 3036 canon
1305 2972 1479 3037 solus
1510 2993 1641 3036 non
1674 2971 1797 3036 sibi
1828 2972 1912 3037 ad
1942 2972 2238 3036 universa
2270 2970 2571 3052 sufficiat,-
2618 2971 2733 3036 sed
2765 2970 2918 3053 quia

663 3078 860 3142 verba
907 3078 1120 3142 divina
1166 3101 1285 3163 pro
1335 3099 1454 3144 suo
1486 3060 1779 3162 plerique
1812 3079 2133 3143 arbitratu
2171 3079 2674 3161 interpretantes
2704 3078 2915 3142 varias

667 3185 1004 3268 opiniones
1051 3207 1433 3269 erroresque
1481 3186 1879 3269 concipiant,
1937 3192 2134 3268 atque
2179 3183 2325 3250 ideo
2372 3205 2635 3249 necesse
2684 3184 2785 3266 sit,
2842 3190 2917 3248 ut

665 3292 750 3355 ad
795 3313 990 3356 unam
1036 3292 1453 3357 ecclesiastici
1498 3312 1724 3356 sensus
1770 3290 2059 3373 regulam
2090 3293 2447 3376 scripturae
2480 3291 2773 3356 caelestis
2819 3292 2913 3354 in-

591 3424 644 3465 25
664 3398 1018 3481 telligentia
1063 3399 1399 3481 dirigatur,
1470 3399 1537 3462 in
1582 3398 1682 3461 his
1729 3398 2064 3462 dumtaxat
2125 3399 2473 3482 praecipue
2521 3398 2912 3480 quaestioni-

661 3504 808 3587 bus,
858 3505 1090 3589 quibus
1137 3505 1338 3570 totius
1387 3505 1691 3570 catholici
1751 3504 2073 3587 dogmatis
2130 3504 2552 3570 fundamenta
2595 3505 2910 3568 nituntur.

658 3612 829 3678 Item
877 3613 1172 3695 diximus,
1217 3613 1283 3676 in
1328 3613 1472 3695 ipsa
1517 3633 1739 3676 rursus
1788 3611 2058 3676 ecclesia
2101 3612 2536 3678 universitatis
2567 3612 2811 3695 pariter
2842 3617 2908 3675 et

659 3721 1064 3804 antiquitatis
1112 3721 1601 3786 consensionem
1651 3719 1932 3803 spectari
1980 3725 2305 3802 oportere,
2353 3741 2434 3785 ne
2481 3725 2596 3785 aut
2642 3718 2725 3783 ab
2772 3718 2910 3781 uni-

657 3828 815 3891 tatis
875 3828 1248 3910 integritate
1309 3828 1375 3891 in
1431 3831 1685 3910 partem
1746 3827 2106 3891 schismatis
2168 3827 2645 3910 abrumpamur,
2713 3832 2827 3890 aut
2873 3846 2909 3889 e

507 3939 512 3944 '
587 3958 640 3997 30
659 3935 998 3999 vetustatis
1029 3932 1336 4015 religione
1360 3934 1427 3997 in
1449 3933 1805 3999 haereseon
1827 3934 2148 3998 novitates
2174 3934 2694 4016 praecipitemur.
2714 3938 2717 3940 ’
2741 3933 2910 3997 Item

660 4041 953 4123 diximus,
1000 4042 1068 4104 in
1113 4040 1255 4123 ipsa
1286 4041 1595 4107 ecclesiae
1625 4047 1951 4107 vetustate
1985 4040 2111 4105 duo
2145 4041 2465 4124 quaedam
2495 4041 2909 4107 vehementer

658 4147 1069 4231 studioseque
1117 4148 1545 4231 observanda,
1610 4143 1841 4231 quibus
1886 4149 2145 4231 penitus
2190 4147 2524 4213 inhaerere
2573 4147 2905 4229 deberent,
