<?xml version="1.0" encoding="UTF-8"?>
<!DOCTYPE html PUBLIC "-//W3C//DTD XHTML 1.0 Transitional//EN"
    "http://www.w3.org/TR/xhtml1/DTD/xhtml1-transitional.dtd">
<html xmlns="http://www.w3.org/1999/xhtml" xml:lang="en" lang="en">
 <head>
  <title>
</title>
<meta http-equiv="Content-Type" content="text/html;charset=utf-8" />
  <meta name='ocr-system' content='tesseract 3.04.00' />
  <meta name='ocr-capabilities' content='ocr_page ocr_carea ocr_par ocr_line ocrx_word'/>
</head>
<body>
  <div class='ocr_page' id='page_1' title='image "./vincenzvonlerin00jlgoog_0058.png"; bbox 0 0 3292 5109; ppageno 0'>
   <div class='ocr_carea' id='block_1_1' title="bbox 1191 564 2692 635">
    <p class='ocr_par' dir='ltr' id='par_1_1' title="bbox 1191 564 2692 635">
     <span class='ocr_line' id='line_1_1' title="bbox 1191 564 2692 635; baseline 0.006 -15"><span class='ocrx_word' id='word_1_1' title='bbox 1191 565 1397 621; x_wconf 76' lang='lat' dir='ltr'><strong>mv</strong></span> <span class='ocrx_word' id='word_1_2' title='bbox 1431 564 1793 635; x_wconf 66' lang='lat' dir='ltr'><strong>(an—xxv</strong></span> <span class='ocrx_word' id='word_1_3' title='bbox 1831 567 1962 634; x_wconf 84' lang='lat'><strong>(36).</strong></span> <span class='ocrx_word' id='word_1_4' title='bbox 2609 568 2692 629; x_wconf 86' lang='lat'><strong>39</strong></span> 
     </span>
    </p>
   </div>
   <div class='ocr_carea' id='block_1_2' title="bbox 428 728 2775 4020">
    <p class='ocr_par' dir='ltr' id='par_1_2' title="bbox 435 728 2700 1133">
     <span class='ocr_line' id='line_1_2' title="bbox 445 728 2696 812; baseline -0.002 -18"><span class='ocrx_word' id='word_1_5' title='bbox 445 730 715 795; x_wconf 90' lang='lat' dir='ltr'><strong>licorum</strong></span> <span class='ocrx_word' id='word_1_6' title='bbox 759 728 886 793; x_wconf 93' lang='lat' dir='ltr'><strong>hoc</strong></span> <span class='ocrx_word' id='word_1_7' title='bbox 930 750 1082 793; x_wconf 82' lang='lat' dir='ltr'><strong>vere</strong></span> <span class='ocrx_word' id='word_1_8' title='bbox 1128 728 1492 812; x_wconf 88' lang='lat' dir='ltr'><strong>proprium,</strong></span> <span class='ocrx_word' id='word_1_9' title='bbox 1549 731 1858 810; x_wconf 72' lang='lat' dir='ltr'><strong>deposita</strong></span> <span class='ocrx_word' id='word_1_10' title='bbox 1904 731 2277 792; x_wconf 89' lang='lat' dir='ltr'><strong>sanctorum</strong></span> <span class='ocrx_word' id='word_1_11' title='bbox 2323 730 2584 809; x_wconf 87' lang='lat' dir='ltr'><strong>patrum</strong></span> <span class='ocrx_word' id='word_1_12' title='bbox 2629 730 2696 790; x_wconf 89' lang='lat' dir='ltr'><strong>et</strong></span> 
     </span>
     <span class='ocr_line' id='line_1_3' title="bbox 447 834 2700 917; baseline -0.001 -15"><span class='ocrx_word' id='word_1_13' title='bbox 447 835 788 902; x_wconf 89' lang='lat' dir='ltr'><strong>commissa</strong></span> <span class='ocrx_word' id='word_1_14' title='bbox 819 856 1095 917; x_wconf 88' lang='lat' dir='ltr'><strong>servare,</strong></span> <span class='ocrx_word' id='word_1_15' title='bbox 1130 835 1437 899; x_wconf 89' lang='lat' dir='ltr'><strong>damnare</strong></span> <span class='ocrx_word' id='word_1_16' title='bbox 1469 834 1780 917; x_wconf 87' lang='lat' dir='ltr'><strong>profanas</strong></span> <span class='ocrx_word' id='word_1_17' title='bbox 1811 835 2156 916; x_wconf 82' lang='lat' dir='ltr'><strong>novitates,</strong></span> <span class='ocrx_word' id='word_1_18' title='bbox 2190 838 2276 916; x_wconf 91' lang='lat' dir='ltr'><strong>et,</strong></span> <span class='ocrx_word' id='word_1_19' title='bbox 2311 840 2490 898; x_wconf 68' lang='lat' dir='ltr'><strong>sicut·</strong></span> <span class='ocrx_word' id='word_1_20' title='bbox 2516 836 2700 899; x_wconf 61' lang='lat' dir='ltr'><strong>discit</strong></span> 
     </span>
     <span class='ocr_line' id='line_1_4' title="bbox 446 942 2692 1025; baseline -0.002 -16"><span class='ocrx_word' id='word_1_21' title='bbox 446 954 645 1025; x_wconf 79' lang='lat' dir='ltr'><strong>alque</strong></span> <span class='ocrx_word' id='word_1_22' title='bbox 713 950 958 1008; x_wconf 78' lang='lat' dir='ltr'><strong>iterum</strong></span> <span class='ocrx_word' id='word_1_23' title='bbox 1016 947 1377 1025; x_wconf 69' lang='lat' dir='ltr'><strong>praedia-it</strong></span> <span class='ocrx_word' id='word_1_24' title='bbox 1441 942 1811 1025; x_wconf 86' lang='lat' dir='ltr'><strong>apostolus:</strong></span> <span class='ocrx_word' id='word_1_25' title='bbox 1861 949 1926 1007; x_wconf 71' lang='lat' dir='ltr'><strong>si</strong></span> <span class='ocrx_word' id='word_1_26' title='bbox 1975 948 2125 1022; x_wconf 73' lang='lat' dir='ltr'><strong>quis</strong></span> <span class='ocrx_word' id='word_1_27' title='bbox 2172 945 2692 1021; x_wconf 76' lang='lat' dir='ltr'><em>adnuntiaverit,</em></span> 
     </span>
     <span class='ocr_line' id='line_1_5' title="bbox 435 1052 2185 1133; baseline -0.001 -18"><span class='ocrx_word' id='word_1_28' title='bbox 435 1059 916 1133; x_wconf 76' lang='lat' dir='ltr'><em>praeterquam</em></span> <span class='ocrx_word' id='word_1_29' title='bbox 963 1053 1142 1130; x_wconf 81' lang='lat' dir='ltr'><strong>quod</strong></span> <span class='ocrx_word' id='word_1_30' title='bbox 1183 1054 1522 1131; x_wconf 78' lang='lat' dir='ltr'><strong>acceptum</strong></span> <span class='ocrx_word' id='word_1_31' title='bbox 1569 1054 1690 1132; x_wconf 89' lang='lat' dir='ltr'><strong>est,</strong></span> <span class='ocrx_word' id='word_1_32' title='bbox 1740 1052 2185 1115; x_wconf 70' lang='lat' dir='ltr'><strong>anathemate.</strong></span> 
     </span>
    </p>

    <p class='ocr_par' dir='ltr' id='par_1_3' title="bbox 428 1153 2775 4020">
     <span class='ocr_line' id='line_1_6' title="bbox 621 1153 2741 1239; baseline -0.001 -19"><span class='ocrx_word' id='word_1_33' title='bbox 621 1155 858 1222; x_wconf 88' lang='lat' dir='ltr'><strong>XXV.</strong></span> <span class='ocrx_word' id='word_1_34' title='bbox 888 1156 1027 1239; x_wconf 83' lang='lat'><strong>(35)</strong></span> <span class='ocrx_word' id='word_1_35' title='bbox 1058 1155 1190 1219; x_wconf 87' lang='lat' dir='ltr'><strong>Hic</strong></span> <span class='ocrx_word' id='word_1_36' title='bbox 1220 1154 1500 1220; x_wconf 87' lang='lat' dir='ltr'><strong>fortasse</strong></span> <span class='ocrx_word' id='word_1_37' title='bbox 1531 1155 1763 1238; x_wconf 84' lang='lat' dir='ltr'><strong>aliquis</strong></span> <span class='ocrx_word' id='word_1_38' title='bbox 1784 1155 2165 1238; x_wconf 89' lang='lat' dir='ltr'><strong>interroget,</strong></span> <span class='ocrx_word' id='word_1_39' title='bbox 2197 1176 2282 1219; x_wconf 89' lang='lat' dir='ltr'><strong>an</strong></span> <span class='ocrx_word' id='word_1_40' title='bbox 2306 1159 2373 1221; x_wconf 89' lang='lat' dir='ltr'><strong>et</strong></span> <span class='ocrx_word' id='word_1_41' title='bbox 2390 1153 2741 1219; x_wconf 81' lang='lat' dir='ltr'><strong>haeretici5</strong></span> 
     </span>
     <span class='ocr_line' id='line_1_7' title="bbox 445 1261 2697 1346; baseline -0.001 -20"><span class='ocrx_word' id='word_1_42' title='bbox 445 1262 694 1328; x_wconf 84' lang='lat' dir='ltr'><strong>divinae</strong></span> <span class='ocrx_word' id='word_1_43' title='bbox 756 1263 1116 1346; x_wconf 81' lang='lat' dir='ltr'>scripturae</span> <span class='ocrx_word' id='word_1_44' title='bbox 1181 1262 1566 1327; x_wconf 82' lang='lat' dir='ltr'><strong>testimoniis</strong></span> <span class='ocrx_word' id='word_1_45' title='bbox 1627 1267 1915 1327; x_wconf 89' lang='lat' dir='ltr'><strong>utantur.</strong></span> <span class='ocrx_word' id='word_1_46' title='bbox 2025 1262 2315 1328; x_wconf 89' lang='lat' dir='ltr'><strong>Utuntur</strong></span> <span class='ocrx_word' id='word_1_47' title='bbox 2377 1261 2566 1345; x_wconf 91' lang='lat' dir='ltr'><strong>plane</strong></span> <span class='ocrx_word' id='word_1_48' title='bbox 2631 1266 2697 1326; x_wconf 90' lang='lat' dir='ltr'><strong>et</strong></span> 
     </span>
     <span class='ocr_line' id='line_1_8' title="bbox 444 1367 2698 1451; baseline -0.001 -17"><span class='ocrx_word' id='word_1_49' title='bbox 444 1369 853 1434; x_wconf 88' lang='lat' dir='ltr'><strong>vehementer</strong></span> <span class='ocrx_word' id='word_1_50' title='bbox 914 1368 1190 1451; x_wconf 90' lang='lat' dir='ltr'><strong>quidem.</strong></span> <span class='ocrx_word' id='word_1_51' title='bbox 1294 1368 1469 1434; x_wconf 90' lang='lat' dir='ltr'><strong>Nam</strong></span> <span class='ocrx_word' id='word_1_52' title='bbox 1528 1368 1745 1435; x_wconf 85' lang='lat' dir='ltr'><strong>videas</strong></span> <span class='ocrx_word' id='word_1_53' title='bbox 1811 1390 1923 1434; x_wconf 90' lang='lat' dir='ltr'><strong>eos</strong></span> <span class='ocrx_word' id='word_1_54' title='bbox 1983 1369 2201 1434; x_wconf 86' lang='lat' dir='ltr'><strong>volare</strong></span> <span class='ocrx_word' id='word_1_55' title='bbox 2261 1389 2381 1451; x_wconf 90' lang='lat' dir='ltr'><strong>per</strong></span> <span class='ocrx_word' id='word_1_56' title='bbox 2438 1367 2698 1449; x_wconf 87' lang='lat' dir='ltr'><strong>singula</strong></span> 
     </span>
     <span class='ocr_line' id='line_1_9' title="bbox 446 1475 2698 1561; baseline -0.001 -21"><span class='ocrx_word' id='word_1_57' title='bbox 446 1497 737 1558; x_wconf 85' lang='lat' dir='ltr'><strong>quaeque</strong></span> <span class='ocrx_word' id='word_1_58' title='bbox 784 1482 1047 1541; x_wconf 84' lang='lat' dir='ltr'><strong>sanctae</strong></span> <span class='ocrx_word' id='word_1_59' title='bbox 1090 1475 1285 1559; x_wconf 84' lang='lat' dir='ltr'><strong>Legis</strong></span> <span class='ocrx_word' id='word_1_60' title='bbox 1332 1476 1674 1559; x_wconf 86' lang='lat' dir='ltr'><strong>volumina,</strong></span> <span class='ocrx_word' id='word_1_61' title='bbox 1722 1497 1843 1559; x_wconf 89' lang='lat' dir='ltr'><strong>per</strong></span> <span class='ocrx_word' id='word_1_62' title='bbox 1872 1477 2108 1561; x_wconf 84' lang='lat' dir='ltr'><strong>Moysi,</strong></span> <span class='ocrx_word' id='word_1_63' title='bbox 2156 1497 2274 1560; x_wconf 90' lang='lat' dir='ltr'><strong>per</strong></span> <span class='ocrx_word' id='word_1_64' title='bbox 2318 1475 2698 1557; x_wconf 84' lang='lat' dir='ltr'><strong>Regnorum</strong></span> 
     </span>
     <span class='ocr_line' id='line_1_10' title="bbox 442 1582 2700 1667; baseline -0.001 -20"><span class='ocrx_word' id='word_1_65' title='bbox 442 1582 674 1665; x_wconf 79' lang='lat' dir='ltr'><strong>libroS,</strong></span> <span class='ocrx_word' id='word_1_66' title='bbox 736 1605 856 1666; x_wconf 89' lang='lat' dir='ltr'><strong>per</strong></span> <span class='ocrx_word' id='word_1_67' title='bbox 913 1583 1246 1664; x_wconf 79' lang='lat' dir='ltr'><strong>PsalmOS,</strong></span> <span class='ocrx_word' id='word_1_68' title='bbox 1309 1605 1427 1667; x_wconf 91' lang='lat' dir='ltr'><strong>per</strong></span> <span class='ocrx_word' id='word_1_69' title='bbox 1483 1582 1888 1667; x_wconf 77' lang='lat' dir='ltr'><strong>ApostoloS,</strong></span> <span class='ocrx_word' id='word_1_70' title='bbox 1949 1605 2070 1666; x_wconf 90' lang='lat' dir='ltr'><strong>per</strong></span> <span class='ocrx_word' id='word_1_71' title='bbox 2128 1582 2520 1665; x_wconf 84' lang='lat' dir='ltr'><strong>Evangelia,</strong></span> <span class='ocrx_word' id='word_1_72' title='bbox 2582 1602 2700 1664; x_wconf 89' lang='lat' dir='ltr'><strong>per</strong></span> 
     </span>
     <span class='ocr_line' id='line_1_11' title="bbox 443 1689 2770 1774; baseline -0 -21"><span class='ocrx_word' id='word_1_73' title='bbox 443 1689 832 1774; x_wconf 80' lang='lat' dir='ltr'><strong>Prophetas,</strong></span> <span class='ocrx_word' id='word_1_74' title='bbox 913 1689 1059 1755; x_wconf 83' lang='lat' dir='ltr'><strong>Sive</strong></span> <span class='ocrx_word' id='word_1_75' title='bbox 1092 1692 1259 1756; x_wconf 88' lang='lat' dir='ltr'><strong>enim</strong></span> <span class='ocrx_word' id='word_1_76' title='bbox 1305 1690 1481 1773; x_wconf 86' lang='lat' dir='ltr'><strong>apud</strong></span> <span class='ocrx_word' id='word_1_77' title='bbox 1528 1712 1680 1757; x_wconf 88' lang='lat' dir='ltr'><strong>suos</strong></span> <span class='ocrx_word' id='word_1_78' title='bbox 1730 1692 1859 1756; x_wconf 86' lang='lat' dir='ltr'><strong>sive</strong></span> <span class='ocrx_word' id='word_1_79' title='bbox 1907 1691 2173 1773; x_wconf 74' lang='lat' dir='ltr'><strong>alienOS,</strong></span> <span class='ocrx_word' id='word_1_80' title='bbox 2223 1691 2354 1755; x_wconf 89' lang='lat' dir='ltr'><strong>sive</strong></span> <span class='ocrx_word' id='word_1_81' title='bbox 2399 1689 2697 1773; x_wconf 85' lang='lat' dir='ltr'><strong>privatim</strong></span> <span class='ocrx_word' id='word_1_82' title='bbox 2717 1707 2770 1748; x_wconf 82' lang='grc' dir='ltr'><strong>ιο</strong></span> 
     </span>
     <span class='ocr_line' id='line_1_12' title="bbox 428 1796 2698 1880; baseline -0.001 -19"><span class='ocrx_word' id='word_1_83' title='bbox 428 1798 574 1862; x_wconf 78' lang='lat' dir='ltr'><strong>sive</strong></span> <span class='ocrx_word' id='word_1_84' title='bbox 619 1798 896 1880; x_wconf 90' lang='lat' dir='ltr'><strong>publice,</strong></span> <span class='ocrx_word' id='word_1_85' title='bbox 947 1799 1076 1862; x_wconf 88' lang='lat' dir='ltr'><strong>sive</strong></span> <span class='ocrx_word' id='word_1_86' title='bbox 1121 1799 1191 1861; x_wconf 91' lang='lat' dir='ltr'><strong>in</strong></span> <span class='ocrx_word' id='word_1_87' title='bbox 1237 1798 1642 1863; x_wconf 83' lang='lat' dir='ltr'><strong>sermonibus</strong></span> <span class='ocrx_word' id='word_1_88' title='bbox 1691 1799 1822 1864; x_wconf 88' lang='lat' dir='ltr'><strong>sive</strong></span> <span class='ocrx_word' id='word_1_89' title='bbox 1866 1799 1935 1862; x_wconf 90' lang='lat' dir='ltr'><strong>in</strong></span> <span class='ocrx_word' id='word_1_90' title='bbox 1978 1797 2177 1879; x_wconf 80' lang='lat' dir='ltr'><strong>libris,</strong></span> <span class='ocrx_word' id='word_1_91' title='bbox 2227 1797 2358 1862; x_wconf 86' lang='lat' dir='ltr'><strong>sive</strong></span> <span class='ocrx_word' id='word_1_92' title='bbox 2388 1797 2455 1860; x_wconf 91' lang='lat' dir='ltr'><strong>in</strong></span> <span class='ocrx_word' id='word_1_93' title='bbox 2487 1796 2698 1861; x_wconf 90' lang='lat' dir='ltr'><strong>convi-</strong></span> 
     </span>
     <span class='ocr_line' id='line_1_13' title="bbox 443 1901 2696 1988; baseline -0.001 -21"><span class='ocrx_word' id='word_1_94' title='bbox 443 1905 557 1968; x_wconf 89' lang='lat' dir='ltr'><strong>viis</strong></span> <span class='ocrx_word' id='word_1_95' title='bbox 604 1905 734 1969; x_wconf 87' lang='lat' dir='ltr'><strong>sive</strong></span> <span class='ocrx_word' id='word_1_96' title='bbox 780 1906 845 1967; x_wconf 91' lang='lat' dir='ltr'><strong>in</strong></span> <span class='ocrx_word' id='word_1_97' title='bbox 890 1904 1156 1987; x_wconf 86' lang='lat' dir='ltr'><strong>plateis:</strong></span> <span class='ocrx_word' id='word_1_98' title='bbox 1223 1904 1379 1969; x_wconf 90' lang='lat' dir='ltr'><strong>nihil</strong></span> <span class='ocrx_word' id='word_1_99' title='bbox 1436 1927 1743 1988; x_wconf 88' lang='lat' dir='ltr'><strong>umquam</strong></span> <span class='ocrx_word' id='word_1_100' title='bbox 1786 1925 1992 1988; x_wconf 88' lang='lat' dir='ltr'><strong>paene</strong></span> <span class='ocrx_word' id='word_1_101' title='bbox 2040 1904 2122 1969; x_wconf 86' lang='lat' dir='ltr'><strong>de</strong></span> <span class='ocrx_word' id='word_1_102' title='bbox 2169 1924 2286 1969; x_wconf 91' lang='lat' dir='ltr'><strong>suo</strong></span> <span class='ocrx_word' id='word_1_103' title='bbox 2334 1901 2696 1986; x_wconf 86' lang='lat' dir='ltr'><strong>proferunt,</strong></span> 
     </span>
     <span class='ocr_line' id='line_1_14' title="bbox 445 2009 2700 2093; baseline -0.001 -18"><span class='ocrx_word' id='word_1_104' title='bbox 445 2010 621 2093; x_wconf 85' lang='lat' dir='ltr'><strong>quod</strong></span> <span class='ocrx_word' id='word_1_105' title='bbox 652 2032 784 2076; x_wconf 90' lang='lat' dir='ltr'><strong>non</strong></span> <span class='ocrx_word' id='word_1_106' title='bbox 816 2012 1011 2075; x_wconf 89' lang='lat' dir='ltr'><strong>etiam</strong></span> <span class='ocrx_word' id='word_1_107' title='bbox 1043 2011 1402 2093; x_wconf 86' lang='lat' dir='ltr'><strong>scripturae</strong></span> <span class='ocrx_word' id='word_1_108' title='bbox 1434 2012 1644 2076; x_wconf 84' lang='lat' dir='ltr'><strong>verbis</strong></span> <span class='ocrx_word' id='word_1_109' title='bbox 1676 2012 2062 2077; x_wconf 89' lang='lat' dir='ltr'><strong>adumbrare</strong></span> <span class='ocrx_word' id='word_1_110' title='bbox 2109 2016 2442 2075; x_wconf 85' lang='lat' dir='ltr'><strong>conentur.</strong></span> <span class='ocrx_word' id='word_1_111' title='bbox 2519 2009 2700 2092; x_wconf 84' lang='lat' dir='ltr'><strong>Lege</strong></span> 
     </span>
     <span class='ocr_line' id='line_1_15' title="bbox 445 2116 2697 2201; baseline -0 -21"><span class='ocrx_word' id='word_1_112' title='bbox 445 2116 634 2181; x_wconf 91' lang='lat' dir='ltr'><strong>Pauli</strong></span> <span class='ocrx_word' id='word_1_113' title='bbox 680 2116 1090 2182; x_wconf 85' lang='lat' dir='ltr'><strong>Samosateni</strong></span> <span class='ocrx_word' id='word_1_114' title='bbox 1138 2118 1467 2201; x_wconf 82' lang='lat' dir='ltr'><strong>opuscula,</strong></span> <span class='ocrx_word' id='word_1_115' title='bbox 1514 2118 1918 2198; x_wconf 88' lang='lat' dir='ltr'><strong>Priscilliani,</strong></span> <span class='ocrx_word' id='word_1_116' title='bbox 1980 2118 2306 2198; x_wconf 86' lang='lat' dir='ltr'><strong>Eunomii,</strong></span> <span class='ocrx_word' id='word_1_117' title='bbox 2364 2117 2417 2183; x_wconf 85' lang='lat' dir='ltr'><strong>J</strong></span> <span class='ocrx_word' id='word_1_118' title='bbox 2419 2116 2697 2181; x_wconf 84' lang='lat' dir='ltr'><strong>oviniani</strong></span> 
     </span>
     <span class='ocr_line' id='line_1_16' title="bbox 443 2222 2775 2308; baseline 0.002 -22"><span class='ocrx_word' id='word_1_119' title='bbox 443 2222 963 2306; x_wconf 87' lang='lat' dir='ltr'><strong>reliquarumque</strong></span> <span class='ocrx_word' id='word_1_120' title='bbox 1022 2226 1333 2308; x_wconf 84' lang='lat' dir='ltr'><strong>pestium,</strong></span> <span class='ocrx_word' id='word_1_121' title='bbox 1397 2245 1625 2290; x_wconf 88' lang='lat' dir='ltr'><strong>cernas</strong></span> <span class='ocrx_word' id='word_1_122' title='bbox 1685 2224 2001 2290; x_wconf 90' lang='lat' dir='ltr'><strong>infinitam</strong></span> <span class='ocrx_word' id='word_1_123' title='bbox 2058 2223 2498 2307; x_wconf 89' lang='lat' dir='ltr'><strong>exemplorum</strong></span> <span class='ocrx_word' id='word_1_124' title='bbox 2546 2242 2695 2287; x_wconf 89' lang='lat' dir='ltr'><strong>con·</strong></span> <span class='ocrx_word' id='word_1_125' title='bbox 2717 2249 2775 2290; x_wconf 73' lang='lat'><strong>15</strong></span> 
     </span>
     <span class='ocr_line' id='line_1_17' title="bbox 443 2328 2697 2430; baseline 0 -36"><span class='ocrx_word' id='word_1_126' title='bbox 443 2330 708 2412; x_wconf 91' lang='lat' dir='ltr'><strong>geriem,</strong></span> <span class='ocrx_word' id='word_1_127' title='bbox 771 2351 979 2413; x_wconf 90' lang='lat' dir='ltr'><strong>prope</strong></span> <span class='ocrx_word' id='word_1_128' title='bbox 1026 2331 1270 2397; x_wconf 90' lang='lat' dir='ltr'><strong>nullam</strong></span> <span class='ocrx_word' id='word_1_129' title='bbox 1318 2331 1527 2396; x_wconf 83' lang='lat' dir='ltr'><strong>omitti</strong></span> <span class='ocrx_word' id='word_1_130' title='bbox 1571 2332 1910 2430; x_wconf 71' lang='lat' dir='ltr'><strong>paginam,</strong></span> <span class='ocrx_word' id='word_1_131' title='bbox 1975 2352 2141 2414; x_wconf 85' lang='lat' dir='ltr'><strong>quae</strong></span> <span class='ocrx_word' id='word_1_132' title='bbox 2187 2352 2319 2395; x_wconf 89' lang='lat' dir='ltr'><strong>non</strong></span> <span class='ocrx_word' id='word_1_133' title='bbox 2364 2328 2537 2394; x_wconf 87' lang='lat' dir='ltr'><strong>Novi</strong></span> <span class='ocrx_word' id='word_1_134' title='bbox 2582 2336 2697 2394; x_wconf 86' lang='lat' dir='ltr'><strong>aut</strong></span> 
     </span>
     <span class='ocr_line' id='line_1_18' title="bbox 443 2435 2697 2504; baseline -0.001 0"><span class='ocrx_word' id='word_1_135' title='bbox 443 2436 702 2504; x_wconf 88' lang='lat' dir='ltr'><strong>Veteris</strong></span> <span class='ocrx_word' id='word_1_136' title='bbox 751 2436 1155 2502; x_wconf 78' lang='lat' dir='ltr'><strong>Testamenti</strong></span> <span class='ocrx_word' id='word_1_137' title='bbox 1218 2439 1554 2504; x_wconf 86' lang='lat' dir='ltr'><strong>sententiis</strong></span> <span class='ocrx_word' id='word_1_138' title='bbox 1612 2439 1836 2504; x_wconf 81' lang='lat' dir='ltr'><strong>fucata</strong></span> <span class='ocrx_word' id='word_1_139' title='bbox 1898 2444 1964 2503; x_wconf 88' lang='lat' dir='ltr'><strong>et</strong></span> <span class='ocrx_word' id='word_1_140' title='bbox 2025 2439 2321 2504; x_wconf 85' lang='lat' dir='ltr'><strong>colorata</strong></span> <span class='ocrx_word' id='word_1_141' title='bbox 2365 2437 2468 2503; x_wconf 89' lang='lat' dir='ltr'><strong>sit.</strong></span> <span class='ocrx_word' id='word_1_142' title='bbox 2565 2435 2697 2502; x_wconf 82' lang='lat' dir='ltr'><strong>Sed</strong></span> 
     </span>
     <span class='ocr_line' id='line_1_19' title="bbox 441 2543 2696 2629; baseline 0 -22"><span class='ocrx_word' id='word_1_143' title='bbox 441 2549 630 2608; x_wconf 88' lang='lat' dir='ltr'><strong>tanto</strong></span> <span class='ocrx_word' id='word_1_144' title='bbox 663 2544 867 2627; x_wconf 90' lang='lat' dir='ltr'><strong>magis</strong></span> <span class='ocrx_word' id='word_1_145' title='bbox 901 2545 1167 2610; x_wconf 87' lang='lat' dir='ltr'><strong>cavendi</strong></span> <span class='ocrx_word' id='word_1_146' title='bbox 1210 2552 1276 2610; x_wconf 91' lang='lat' dir='ltr'><strong>et</strong></span> <span class='ocrx_word' id='word_1_147' title='bbox 1319 2546 1821 2629; x_wconf 89' lang='lat' dir='ltr'><strong>pertimescendi</strong></span> <span class='ocrx_word' id='word_1_148' title='bbox 1865 2551 2035 2626; x_wconf 89' lang='lat' dir='ltr'><strong>sunt,</strong></span> <span class='ocrx_word' id='word_1_149' title='bbox 2086 2551 2330 2628; x_wconf 85' lang='lat' dir='ltr'><strong>quanto</strong></span> <span class='ocrx_word' id='word_1_150' title='bbox 2381 2543 2696 2610; x_wconf 84' lang='lat' dir='ltr'><strong>occultius</strong></span> 
     </span>
     <span class='ocr_line' id='line_1_20' title="bbox 441 2650 2696 2734; baseline 0 -20"><span class='ocrx_word' id='word_1_151' title='bbox 441 2650 559 2715; x_wconf 89' lang='lat' dir='ltr'><strong>sub</strong></span> <span class='ocrx_word' id='word_1_152' title='bbox 608 2651 858 2715; x_wconf 84' lang='lat' dir='ltr'><strong>divinae</strong></span> <span class='ocrx_word' id='word_1_153' title='bbox 902 2650 1103 2734; x_wconf 87' lang='lat' dir='ltr'><strong>Legis</strong></span> <span class='ocrx_word' id='word_1_154' title='bbox 1134 2651 1524 2718; x_wconf 82' lang='lat' dir='ltr'><strong>umbraculis</strong></span> <span class='ocrx_word' id='word_1_155' title='bbox 1569 2653 1853 2718; x_wconf 86' lang='lat' dir='ltr'><strong>latitant.</strong></span> <span class='ocrx_word' id='word_1_156' title='bbox 1933 2650 2160 2717; x_wconf 84' lang='lat' dir='ltr'><strong>Sciunt</strong></span> <span class='ocrx_word' id='word_1_157' title='bbox 2200 2651 2368 2717; x_wconf 86' lang='lat' dir='ltr'><strong>enim</strong></span> <span class='ocrx_word' id='word_1_158' title='bbox 2411 2651 2696 2717; x_wconf 87' lang='lat' dir='ltr'><strong>foetores</strong></span> 
     </span>
     <span class='ocr_line' id='line_1_21' title="bbox 442 2758 2769 2843; baseline 0.001 -22"><span class='ocrx_word' id='word_1_159' title='bbox 442 2778 590 2822; x_wconf 88' lang='lat' dir='ltr'><strong>suos</strong></span> <span class='ocrx_word' id='word_1_160' title='bbox 651 2758 806 2822; x_wconf 91' lang='lat' dir='ltr'><strong>nulli</strong></span> <span class='ocrx_word' id='word_1_161' title='bbox 864 2758 1001 2823; x_wconf 87' lang='lat' dir='ltr'><strong>fere</strong></span> <span class='ocrx_word' id='word_1_162' title='bbox 1063 2760 1192 2823; x_wconf 87' lang='lat' dir='ltr'><strong>cito</strong></span> <span class='ocrx_word' id='word_1_163' title='bbox 1258 2780 1398 2825; x_wconf 87' lang='lat' dir='ltr'><strong>esse</strong></span> <span class='ocrx_word' id='word_1_164' title='bbox 1457 2760 1851 2843; x_wconf 76' lang='lat' dir='ltr'><strong>placiturOS,</strong></span> <span class='ocrx_word' id='word_1_165' title='bbox 1919 2760 1973 2823; x_wconf 89' lang='lat' dir='ltr'><strong>si</strong></span> <span class='ocrx_word' id='word_1_166' title='bbox 2033 2760 2189 2824; x_wconf 89' lang='lat' dir='ltr'><strong>nudi</strong></span> <span class='ocrx_word' id='word_1_167' title='bbox 2249 2765 2317 2823; x_wconf 89' lang='lat' dir='ltr'><strong>et</strong></span> <span class='ocrx_word' id='word_1_168' title='bbox 2375 2758 2769 2841; x_wconf 81' lang='lat' dir='ltr'><strong>simplices20</strong></span> 
     </span>
     <span class='ocr_line' id='line_1_22' title="bbox 442 2863 2698 2949; baseline 0 -21"><span class='ocrx_word' id='word_1_169' title='bbox 442 2863 850 2945; x_wconf 83' lang='lat' dir='ltr'><strong>exhalentur,</strong></span> <span class='ocrx_word' id='word_1_170' title='bbox 910 2870 1107 2947; x_wconf 84' lang='lat' dir='ltr'><strong>atque</strong></span> <span class='ocrx_word' id='word_1_171' title='bbox 1165 2865 1406 2930; x_wconf 91' lang='lat' dir='ltr'><strong>idcirco</strong></span> <span class='ocrx_word' id='word_1_172' title='bbox 1466 2887 1576 2932; x_wconf 89' lang='lat' dir='ltr'><strong>eos</strong></span> <span class='ocrx_word' id='word_1_173' title='bbox 1633 2867 1932 2932; x_wconf 86' lang='lat' dir='ltr'><strong>caelestis</strong></span> <span class='ocrx_word' id='word_1_174' title='bbox 2006 2866 2246 2949; x_wconf 84' lang='lat' dir='ltr'><strong>eloquii</strong></span> <span class='ocrx_word' id='word_1_175' title='bbox 2309 2866 2481 2930; x_wconf 89' lang='lat' dir='ltr'><strong>velut</strong></span> <span class='ocrx_word' id='word_1_176' title='bbox 2541 2885 2698 2948; x_wconf 89' lang='lat' dir='ltr'><strong>quo-</strong></span> 
     </span>
     <span class='ocr_line' id='line_1_23' title="bbox 442 2970 2694 3057; baseline 0.001 -23"><span class='ocrx_word' id='word_1_177' title='bbox 442 2970 591 3035; x_wconf 89' lang='lat' dir='ltr'><strong>dam</strong></span> <span class='ocrx_word' id='word_1_178' title='bbox 649 2977 942 3036; x_wconf 88' lang='lat' dir='ltr'><strong>aromate</strong></span> <span class='ocrx_word' id='word_1_179' title='bbox 989 2972 1408 3056; x_wconf 88' lang='lat' dir='ltr'><strong>adspergunt,</strong></span> <span class='ocrx_word' id='word_1_180' title='bbox 1471 2979 1546 3038; x_wconf 89' lang='lat' dir='ltr'><strong>ut</strong></span> <span class='ocrx_word' id='word_1_181' title='bbox 1603 2974 1730 3055; x_wconf 88' lang='lat' dir='ltr'><strong>ille,</strong></span> <span class='ocrx_word' id='word_1_182' title='bbox 1800 2975 1910 3057; x_wconf 85' lang='lat' dir='ltr'><strong>qui</strong></span> <span class='ocrx_word' id='word_1_183' title='bbox 1958 2975 2307 3038; x_wconf 89' lang='lat' dir='ltr'><strong>humanum</strong></span> <span class='ocrx_word' id='word_1_184' title='bbox 2352 2973 2539 3038; x_wconf 87' lang='lat' dir='ltr'><strong>facile</strong></span> <span class='ocrx_word' id='word_1_185' title='bbox 2587 2970 2694 3037; x_wconf 90' lang='lat' dir='ltr'><strong>de-</strong></span> 
     </span>
     <span class='ocr_line' id='line_1_24' title="bbox 442 3077 2694 3163; baseline 0.002 -22"><span class='ocrx_word' id='word_1_186' title='bbox 442 3078 721 3161; x_wconf 88' lang='lat' dir='ltr'><strong>spiceret</strong></span> <span class='ocrx_word' id='word_1_187' title='bbox 753 3100 1056 3161; x_wconf 87' lang='lat' dir='ltr'><strong>errorem,</strong></span> <span class='ocrx_word' id='word_1_188' title='bbox 1091 3080 1305 3146; x_wconf 83' lang='lat' dir='ltr'><strong>divina</strong></span> <span class='ocrx_word' id='word_1_189' title='bbox 1333 3077 1463 3145; x_wconf 87' lang='lat' dir='ltr'><strong>non</strong></span> <span class='ocrx_word' id='word_1_190' title='bbox 1493 3079 1680 3146; x_wconf 86' lang='lat' dir='ltr'><strong>facile</strong></span> <span class='ocrx_word' id='word_1_191' title='bbox 1714 3087 2087 3147; x_wconf 85' lang='lat' dir='ltr'><strong>contemnat</strong></span> <span class='ocrx_word' id='word_1_192' title='bbox 2120 3082 2402 3146; x_wconf 88' lang='lat' dir='ltr'><strong>oracula.</strong></span> <span class='ocrx_word' id='word_1_193' title='bbox 2456 3080 2694 3163; x_wconf 89' lang='lat' dir='ltr'><strong>Itaque</strong></span> 
     </span>
     <span class='ocr_line' id='line_1_25' title="bbox 439 3183 2693 3272; baseline 0.002 -24"><span class='ocrx_word' id='word_1_194' title='bbox 439 3183 704 3268; x_wconf 86' lang='lat' dir='ltr'><strong>faciunt,</strong></span> <span class='ocrx_word' id='word_1_195' title='bbox 755 3186 932 3269; x_wconf 86' lang='lat' dir='ltr'><strong>quod</strong></span> <span class='ocrx_word' id='word_1_196' title='bbox 961 3187 1029 3251; x_wconf 93' lang='lat' dir='ltr'><strong>hi</strong></span> <span class='ocrx_word' id='word_1_197' title='bbox 1058 3187 1291 3271; x_wconf 88' lang='lat' dir='ltr'><strong>solent,</strong></span> <span class='ocrx_word' id='word_1_198' title='bbox 1326 3189 1455 3272; x_wconf 85' lang='lat' dir='ltr'><strong>qui,</strong></span> <span class='ocrx_word' id='word_1_199' title='bbox 1487 3189 1770 3272; x_wconf 89' lang='lat' dir='ltr'><strong>parvulis</strong></span> <span class='ocrx_word' id='word_1_200' title='bbox 1803 3194 2065 3254; x_wconf 89' lang='lat' dir='ltr'><strong>austera</strong></span> <span class='ocrx_word' id='word_1_201' title='bbox 2098 3188 2415 3271; x_wconf 85' lang='lat' dir='ltr'><strong>quaedam</strong></span> <span class='ocrx_word' id='word_1_202' title='bbox 2451 3193 2693 3270; x_wconf 86' lang='lat' dir='ltr'><strong>tempe-</strong></span> 
     </span>
     <span class='ocr_line' id='line_1_26' title="bbox 439 3293 2767 3379; baseline 0.003 -23"><span class='ocrx_word' id='word_1_203' title='bbox 439 3293 648 3357; x_wconf 88' lang='lat' dir='ltr'><strong>raturi</strong></span> <span class='ocrx_word' id='word_1_204' title='bbox 678 3294 938 3377; x_wconf 91' lang='lat' dir='ltr'><strong>pocula,</strong></span> <span class='ocrx_word' id='word_1_205' title='bbox 971 3294 1152 3377; x_wconf 89' lang='lat' dir='ltr'><strong>prius</strong></span> <span class='ocrx_word' id='word_1_206' title='bbox 1185 3316 1335 3360; x_wconf 89' lang='lat' dir='ltr'><strong>oras</strong></span> <span class='ocrx_word' id='word_1_207' title='bbox 1367 3296 1552 3360; x_wconf 91' lang='lat' dir='ltr'><strong>melle</strong></span> <span class='ocrx_word' id='word_1_208' title='bbox 1586 3296 2057 3379; x_wconf 90' lang='lat' dir='ltr'><strong>circumlinunt,</strong></span> <span class='ocrx_word' id='word_1_209' title='bbox 2092 3301 2166 3360; x_wconf 89' lang='lat' dir='ltr'><strong>ut</strong></span> <span class='ocrx_word' id='word_1_210' title='bbox 2195 3296 2458 3360; x_wconf 90' lang='lat' dir='ltr'><strong>incauta</strong></span> <span class='ocrx_word' id='word_1_211' title='bbox 2489 3300 2690 3376; x_wconf 80' lang='lat' dir='ltr'><strong>aetas,</strong></span> <span class='ocrx_word' id='word_1_212' title='bbox 2711 3322 2767 3363; x_wconf 80' lang='lat'><strong>25</strong></span> 
     </span>
     <span class='ocr_line' id='line_1_27' title="bbox 442 3399 2689 3485; baseline 0.002 -23"><span class='ocrx_word' id='word_1_213' title='bbox 442 3420 587 3463; x_wconf 90' lang='lat' dir='ltr'><strong>cum</strong></span> <span class='ocrx_word' id='word_1_214' title='bbox 635 3399 1040 3467; x_wconf 87' lang='lat' dir='ltr'><strong>dulcedinem</strong></span> <span class='ocrx_word' id='word_1_215' title='bbox 1084 3403 1541 3485; x_wconf 86' lang='lat' dir='ltr'><strong>praesenserit,</strong></span> <span class='ocrx_word' id='word_1_216' title='bbox 1590 3403 2086 3468; x_wconf 87' lang='lat' dir='ltr'><strong>amaritudinem</strong></span> <span class='ocrx_word' id='word_1_217' title='bbox 2131 3425 2263 3467; x_wconf 87' lang='lat' dir='ltr'><strong>uon</strong></span> <span class='ocrx_word' id='word_1_218' title='bbox 2292 3401 2689 3468; x_wconf 88' lang='lat' dir='ltr'><strong>reformidet.</strong></span> 
     </span>
     <span class='ocr_line' id='line_1_28' title="bbox 442 3504 2686 3593; baseline 0.002 -23"><span class='ocrx_word' id='word_1_219' title='bbox 442 3504 639 3589; x_wconf 76' lang='lat' dir='ltr'><strong>Quod</strong></span> <span class='ocrx_word' id='word_1_220' title='bbox 700 3507 898 3572; x_wconf 88' lang='lat' dir='ltr'><strong>etiam</strong></span> <span class='ocrx_word' id='word_1_221' title='bbox 955 3508 1054 3573; x_wconf 89' lang='lat' dir='ltr'><strong>his</strong></span> <span class='ocrx_word' id='word_1_222' title='bbox 1120 3530 1315 3574; x_wconf 89' lang='lat' dir='ltr'><strong>curae</strong></span> <span class='ocrx_word' id='word_1_223' title='bbox 1381 3516 1513 3590; x_wconf 83' lang='lat' dir='ltr'><strong>est,</strong></span> <span class='ocrx_word' id='word_1_224' title='bbox 1580 3510 1692 3593; x_wconf 89' lang='lat' dir='ltr'><strong>qui</strong></span> <span class='ocrx_word' id='word_1_225' title='bbox 1750 3510 1921 3574; x_wconf 87' lang='lat' dir='ltr'><strong>mala</strong></span> <span class='ocrx_word' id='word_1_226' title='bbox 1980 3511 2272 3592; x_wconf 90' lang='lat' dir='ltr'><strong>gramina</strong></span> <span class='ocrx_word' id='word_1_227' title='bbox 2330 3516 2398 3575; x_wconf 86' lang='lat' dir='ltr'><strong>et</strong></span> <span class='ocrx_word' id='word_1_228' title='bbox 2455 3510 2686 3575; x_wconf 87' lang='lat' dir='ltr'><strong>noxios</strong></span> 
     </span>
     <span class='ocr_line' id='line_1_29' title="bbox 442 3614 2689 3700; baseline 0.002 -24"><span class='ocrx_word' id='word_1_229' title='bbox 442 3632 670 3678; x_wconf 90' lang='lat' dir='ltr'><strong>succos</strong></span> <span class='ocrx_word' id='word_1_230' title='bbox 718 3614 1210 3679; x_wconf 89' lang='lat' dir='ltr'><strong>medicaminum</strong></span> <span class='ocrx_word' id='word_1_231' title='bbox 1255 3615 1579 3681; x_wconf 87' lang='lat' dir='ltr'><strong>vocabulis</strong></span> <span class='ocrx_word' id='word_1_232' title='bbox 1640 3617 2117 3700; x_wconf 89' lang='lat' dir='ltr'><strong>praecolorant,</strong></span> <span class='ocrx_word' id='word_1_233' title='bbox 2177 3622 2250 3681; x_wconf 90' lang='lat' dir='ltr'><strong>ut</strong></span> <span class='ocrx_word' id='word_1_234' title='bbox 2296 3638 2484 3683; x_wconf 91' lang='lat' dir='ltr'><strong>nemo</strong></span> <span class='ocrx_word' id='word_1_235' title='bbox 2532 3617 2689 3700; x_wconf 86' lang='lat' dir='ltr'><strong>fere,</strong></span> 
     </span>
     <span class='ocr_line' id='line_1_30' title="bbox 441 3719 2688 3806; baseline 0.004 -23"><span class='ocrx_word' id='word_1_236' title='bbox 441 3719 553 3784; x_wconf 89' lang='lat' dir='ltr'><strong>ubi</strong></span> <span class='ocrx_word' id='word_1_237' title='bbox 612 3722 1125 3804; x_wconf 89' lang='lat' dir='ltr'><strong>suprascriptum</strong></span> <span class='ocrx_word' id='word_1_238' title='bbox 1184 3722 1412 3806; x_wconf 81' lang='lat' dir='ltr'><strong>legerit</strong></span> <span class='ocrx_word' id='word_1_239' title='bbox 1471 3722 1857 3805; x_wconf 89' lang='lat' dir='ltr'><strong>remedium,</strong></span> <span class='ocrx_word' id='word_1_240' title='bbox 1926 3724 2292 3806; x_wconf 87' lang='lat' dir='ltr'><strong>suspicetur</strong></span> <span class='ocrx_word' id='word_1_241' title='bbox 2355 3745 2688 3792; x_wconf 85' lang='lat' dir='ltr'><strong>venenum.</strong></span> 
     </span>
     <span class='ocr_line' id='line_1_31' title="bbox 442 3825 2763 3912; baseline 0.003 -22"><span class='ocrx_word' id='word_1_242' title='bbox 442 3825 584 3911; x_wconf 89' lang='lat'>(36)</span> <span class='ocrx_word' id='word_1_243' title='bbox 632 3828 795 3893; x_wconf 89' lang='lat' dir='ltr'><strong>Inde</strong></span> <span class='ocrx_word' id='word_1_244' title='bbox 860 3827 1135 3912; x_wconf 86' lang='lat' dir='ltr'><strong>denique</strong></span> <span class='ocrx_word' id='word_1_245' title='bbox 1198 3835 1265 3894; x_wconf 92' lang='lat' dir='ltr'><strong>et</strong></span> <span class='ocrx_word' id='word_1_246' title='bbox 1296 3830 1578 3896; x_wconf 84' lang='lat' dir='ltr'><strong>salvator</strong></span> <span class='ocrx_word' id='word_1_247' title='bbox 1609 3830 1969 3895; x_wconf 85' lang='lat' dir='ltr'><strong>clamabat:</strong></span> <span class='ocrx_word' id='word_1_248' title='bbox 2035 3835 2377 3897; x_wconf 77' lang='lat' dir='ltr'><strong>adtendite</strong></span> <span class='ocrx_word' id='word_1_249' title='bbox 2417 3834 2601 3897; x_wconf 73' lang='lat' dir='ltr'><strong>vobis</strong></span> <span class='ocrx_word' id='word_1_250' title='bbox 2648 3854 2763 3896; x_wconf 74' lang='lat' dir='ltr'><strong>aso</strong></span> 
     </span>
     <span class='ocr_line' id='line_1_32' title="bbox 435 3939 2687 4020; baseline 0.001 -21"><span class='ocrx_word' id='word_1_251' title='bbox 435 3939 1057 4019; x_wconf 42' lang='lat' dir='ltr'><strong>pseudoprophetia</strong></span> <span class='ocrx_word' id='word_1_252' title='bbox 1107 3944 1221 4019; x_wconf 79' lang='lat' dir='ltr'><strong>qui</strong></span> <span class='ocrx_word' id='word_1_253' title='bbox 1266 3944 1539 4003; x_wconf 74' lang='lat' dir='ltr'><strong>veniunt</strong></span> <span class='ocrx_word' id='word_1_254' title='bbox 1581 3942 1677 4003; x_wconf 83' lang='lat' dir='ltr'><strong>ad</strong></span> <span class='ocrx_word' id='word_1_255' title='bbox 1718 3959 1834 4003; x_wconf 75' lang='lat' dir='ltr'><strong>vos</strong></span> <span class='ocrx_word' id='word_1_256' title='bbox 1879 3945 1952 4003; x_wconf 78' lang='lat' dir='ltr'><strong>in</strong></span> <span class='ocrx_word' id='word_1_257' title='bbox 1998 3946 2243 4004; x_wconf 77' lang='lat' dir='ltr'><strong>vestitu</strong></span> <span class='ocrx_word' id='word_1_258' title='bbox 2304 3945 2543 4020; x_wconf 76' lang='lat' dir='ltr'><strong>ovium,</strong></span> <span class='ocrx_word' id='word_1_259' title='bbox 2606 3941 2687 4002; x_wconf 81' lang='lat' dir='ltr'><strong>ab</strong></span> 
     </span>
    </p>
   </div>
   <div class='ocr_carea' id='block_1_3' title="bbox 442 4090 870 4099">
    <p class='ocr_par' dir='ltr' id='par_1_4' title="bbox 442 4090 870 4099">
     <span class='ocr_line' id='line_1_33' title="bbox 442 4090 870 4099; baseline 0 1010"><span class='ocrx_word' id='word_1_260' title='bbox 442 4090 870 4099; x_wconf 95' lang='lat' dir='ltr'><strong> </strong></span> 
     </span>
    </p>
   </div>
   <div class='ocr_carea' id='block_1_4' title="bbox 619 4167 1637 4237">
    <p class='ocr_par' dir='ltr' id='par_1_5' title="bbox 619 4167 1637 4237">
     <span class='ocr_line' id='line_1_34' title="bbox 619 4167 1637 4237; baseline 0.003 -17"><span class='ocrx_word' id='word_1_261' title='bbox 619 4169 654 4220; x_wconf 82' lang='lat'>2</span> <span class='ocrx_word' id='word_1_262' title='bbox 691 4167 815 4223; x_wconf 78' lang='lat' dir='ltr'><strong>eal.</strong></span> <span class='ocrx_word' id='word_1_263' title='bbox 856 4170 904 4235; x_wconf 91' lang='lat'><strong>1,</strong></span> <span class='ocrx_word' id='word_1_264' title='bbox 942 4170 993 4223; x_wconf 81' lang='lat'><strong>9.</strong></span> <span class='ocrx_word' id='word_1_265' title='bbox 1209 4171 1278 4225; x_wconf 84' lang='lat'><strong>30</strong></span> <span class='ocrx_word' id='word_1_266' title='bbox 1315 4170 1422 4224; x_wconf 80' lang='lat' dir='ltr'><strong>Mt.</strong></span> <span class='ocrx_word' id='word_1_267' title='bbox 1463 4173 1512 4237; x_wconf 88' lang='lat'><strong>7,</strong></span> <span class='ocrx_word' id='word_1_268' title='bbox 1553 4171 1637 4224; x_wconf 87' lang='lat'><strong>15.</strong></span> 
     </span>
    </p>
   </div>
  </div>
 </body>
</html>
