3292 5109
1221 571 1391 625 xxv
1428 568 1835 640 (en—XXVI.
2562 571 2645 633 41
2698 585 2702 589 ·

392 746 682 801 satanas
729 738 1166 815 transfiyurat
1210 754 1287 798 se
1332 740 1404 797 in
1466 736 1774 812 anyelum
1823 736 2014 796 lucis.
2108 734 2256 795 Non
2323 740 2430 795 est
2489 750 2648 809 erqo

393 863 733 924 mayuum,
798 849 862 906 si
921 848 1222 906 ministri
1276 847 1423 905 eius
1486 842 2056 920 transfiyurantur
2115 844 2297 903 sicut
2351 843 2651 903 ministri

391 957 722 1015 iustitiae.
800 949 1003 1031 Ergo,
1052 947 1404 1012 secundum
1450 946 1735 1030 apostoli
1763 945 1950 1011 Pauli
1981 946 2441 1028 magisterium,
2492 965 2649 1026 quo-

399 1057 796 1138 tiescumque
811 1056 912 1121 vel
927 1058 1481 1139 pseudoapostoli
1499 1053 1598 1118 vel
1612 1055 2236 1136 pseudoprophetae
2255 1051 2352 1116 vel
2365 1055 2652 1135 pseudo-

389 1168 706 1229 doctores
739 1162 987 1227 divinae
1009 1161 1207 1244 Legis
1240 1160 1592 1225 sententias
1615 1158 1973 1243 proferunt,
2010 1159 2241 1241 quibus
2266 1157 2430 1223 male
2453 1158 2650 1221 inter·
2669 1182 2696 1222 5

397 1271 671 1354 pretatis
730 1290 982 1335 errores
1039 1290 1192 1333 suos
1239 1268 1574 1333 adstruere
1621 1272 1970 1349 conentur,
2028 1287 2160 1331 non
2219 1265 2484 1330 dubium
2530 1269 2648 1346 est,

399 1378 555 1460 quin
602 1378 887 1442 auctoris
935 1376 1035 1440 sui
1081 1375 1313 1440 callida
1358 1374 1877 1439 machinamenta
1922 1377 2275 1455 sectentur,
2333 1393 2500 1454 quae
2546 1371 2652 1436 ille

396 1506 749 1567 numquam
769 1483 1067 1567 profecto
1103 1482 1713 1562 comminisceretur,
1748 1481 1871 1545 nisi
1903 1480 2099 1545 sciret
2125 1480 2385 1544 omnino
2412 1479 2653 1543 nullam

391 1612 538 1655 esse
601 1591 688 1656 ad
745 1590 1096 1657 fallendum
1153 1589 1512 1655 faciliorem
1566 1588 1735 1653 viam
1753 1638 1768 1667 ,
1832 1608 2025 1670 quam
2083 1592 2192 1668 ut,
2254 1586 2367 1651 ubi
2425 1586 2654 1651 nefarii

395 1699 636 1763 erroris
698 1697 1141 1764 subinducitur
1199 1696 1638 1778 fraudulentia
1655 1744 1673 1777 ,
1742 1694 1832 1759 ibi
1893 1693 2253 1758 divinorum
2311 1693 2653 1759 verborum
2673 1722 2724 1762 ιο

396 1805 866 1888 praetendatur
911 1806 1288 1871 auctoritas,
1329 1769 1417 1900 >

576 1912 850 1979 XXVI.
901 1910 1030 1976 Sed
1079 1911 1252 1976 dicet
1298 1911 1562 1994 aliquis:
1626 1910 1798 1976 unde
1844 1909 2182 1994 probatur,
2232 1910 2384 1991 quia
2430 1929 2653 1974 sacrae

396 2017 596 2101 Legis
644 2018 950 2102 exemplis
998 2018 1295 2083 diabolus
1357 2019 1456 2082 uti
1519 2017 1776 2082 soleat?
1882 2016 2099 2100 Legat
2142 2016 2529 2099 Evangelia,
2587 2017 2653 2080 in

396 2124 633 2207 quibus
659 2125 993 2191 scribitur:
1029 2136 1186 2191 tuuc
1209 2129 1584 2207 adsumpsit
1606 2130 1798 2191 illum
1830 2128 2137 2190 diabolus
2160 2122 2255 2206 (id
2287 2127 2416 2187 est:
2454 2123 2653 2188 domi-

400 2253 552 2296 num
601 2231 1012 2317 salvatorem)
1063 2243 1131 2297 et
1173 2240 1415 2298 statuit
1462 2237 1652 2297 illum
1700 2252 1912 2313 supra
1963 2239 2247 2313 pinnam
2293 2234 2529 2312 templi
2588 2240 2660 2296 et
2676 2256 2726 2295 15

394 2342 578 2404 dia-it
625 2348 726 2406 ei:
772 2348 837 2405 si
871 2344 1058 2420 filius
1105 2343 1217 2406 dei
1263 2361 1359 2421 ec,
1404 2347 1595 2405 mitte
1644 2349 1709 2404 te
1742 2343 2075 2405 deorsum.
2173 2341 2506 2419 Scriptum
2552 2350 2658 2404 est

394 2455 597 2528 enim,
634 2451 814 2529 quod
841 2453 1100 2529 anqelis
1133 2456 1280 2513 sui-s·
1313 2452 1661 2513 mandavit
1688 2452 1771 2512 de
1802 2459 1892 2526 te,
1942 2456 2018 2510 ut
2046 2449 2430 2511 custodiant
2472 2455 2554 2523 te
2582 2454 2655 2510 in

393 2558 703 2619 omnibus
749 2562 876 2619 ciis
924 2562 1088 2635 tuis,
1137 2561 1209 2618 in
1254 2557 1562 2618 manibus
1595 2557 1838 2618 tollent
1866 2563 1953 2635 te,
1999 2573 2085 2616 ue
2121 2557 2309 2633 forte
2343 2556 2652 2631 offendas

392 2663 492 2724 ad
518 2662 808 2741 lapidem
830 2663 1074 2741 pedem
1108 2669 1312 2724 tuum.
1391 2655 1564 2741 Quid
1596 2658 1700 2721 hic
1729 2657 1929 2723 faciet
1960 2658 2219 2722 misellis
2262 2657 2651 2729 hominibus,

396 2767 508 2849 qui
536 2767 748 2848 ipsum
781 2772 1119 2832 dominum
1151 2772 1533 2830 maiestatis
1563 2765 2027 2847 scripturarum
2050 2765 2434 2830 testimoniis
2458 2765 2652 2847 adpe-
2671 2791 2725 2829 20

393 2873 586 2937 tivit?
683 2876 781 2954 Si,
811 2873 1037 2955 inquit,
1063 2877 1250 2952 filius
1297 2876 1407 2936 dei
1453 2893 1550 2953 ec,
1596 2878 1790 2936 mitte
1835 2882 1902 2937 te
1948 2876 2282 2938 deorsum.
2377 2870 2595 2955 Quare
2619 2872 2651 2935 i>

397 2982 737 3060 Scriptum
768 2988 874 3043 est
915 2986 1113 3060 enim,
1158 2979 1386 3061 inquit.
1480 2977 1892 3061 Magnopere
1938 2978 2126 3043 nobis
2174 2977 2478 3046 doctrina
2523 2978 2651 3043 loci

394 3085 582 3149 istius
628 3085 1040 3150 adtendenda
1085 3091 1283 3168 atque
1328 3084 1671 3150 retinenda
1718 3090 1844 3169 est,
1892 3091 1965 3149 ut
2011 3090 2198 3151 tanto
2249 3086 2652 3168 evangelicae

395 3191 805 3257 auctoritatis
831 3193 1144 3276 exempIO,
1180 3193 1438 3276 quando
1465 3193 1718 3274 aliquos
1742 3193 2106 3277 apostolica
2125 3214 2241 3258 seu
2268 3192 2653 3276 prophetica

397 3299 595 3364 verba
638 3300 926 3383 proferre
974 3306 1203 3366 contra
1250 3300 1639 3365 catholicam
1684 3300 1878 3365 fidem
1910 3300 2277 3383 viderimus,
2327 3299 2650 3365 diabolum
2670 3324 2725 3364 25

397 3428 515 3491 per
574 3428 688 3472 eos
746 3407 925 3490 loqui
984 3408 1240 3473 minime
1304 3408 1691 3476 dubitemne.
1783 3407 1958 3472 Nam
2020 3407 2188 3472 sicut
2248 3413 2405 3472 tunc
2454 3412 2651 3491 caput

398 3514 622 3597 capiti,
670 3514 764 3579 ita
800 3537 972 3579 nunc
1005 3536 1260 3598 quoque
1292 3516 1582 3581 membra
1610 3515 1914 3580 membris
1946 3516 2318 3598 loquuntur,
2366 3514 2654 3580 membra

398 3620 641 3685 scilicet
689 3620 926 3687 diaboli
980 3622 1285 3687 membris
1334 3621 1609 3703 Christi,
1673 3620 1905 3705 perfidi
1963 3621 2293 3703 fidelibus,
2356 3622 2652 3705 sacrilegi

397 3727 743 3810 religiosis,
804 3728 1114 3794 haeretici
1158 3734 1489 3813 postremo
1548 3729 1901 3796 catholicis,
1998 3727 2128 3793 Sed
2189 3728 2344 3812 quid
2389 3728 2651 3793 tandem

396 3834 669 3899 dicunt?
723 3839 820 3918 Si,
849 3836 1074 3919 inquit,
1115 3841 1302 3917 filius
1333 3839 1442 3908 dei
1474 3858 1570 3919 ee,
1599 3844 1792 3902 mitte
1823 3846 1890 3900 te
1919 3840 2254 3901 deorsum.
2326 3835 2482 3900 Hoc
2515 3842 2645 3903 est:
2669 3861 2723 3900 30

398 4127 405 4136 .
575 4088 612 4140 4
648 4088 698 4141 2.
739 4086 864 4141 Cor.
906 4088 989 4155 11,
1031 4088 1116 4141 13.
1190 4088 1242 4141 2.
1278 4086 1369 4140 Pt.
1408 4089 1459 4153 2,
1500 4088 1548 4140 1.
1713 4087 1780 4139 14
1815 4085 1923 4141 Mt.
1962 4088 2013 4152 4,
2053 4086 2101 4138 5.
2141 4087 2193 4138 6.
2343 4086 2408 4138 17
2447 4085 2516 4139 cf.
2554 4083 2648 4140 ΡΒ.

399 4174 469 4230 90
507 4176 640 4246 (91),
681 4177 764 4229 11.
805 4176 889 4230 12.
1108 4177 1178 4229 20
1219 4177 1267 4229 1.
1306 4174 1432 4229 Cor.
1472 4177 1521 4242 2,
1560 4177 1610 4228 8.
