3292 5109
642 608 681 668 2
1605 604 1774 659 1-11
1812 604 1907 675 (1).

638 764 813 830 110110
860 764 999 830 fieri
1044 766 1252 848 possit
1298 765 1474 848 illud,
1526 766 1702 848 quod
1750 765 2003 829 canitur
2047 766 2114 829 in
2158 765 2441 848 psalmo:
2500 777 2755 847 vacate,
2798 767 2893 831 in-

640 871 807 954 quit,
873 882 945 937 et
994 876 1242 953 videte,
1305 880 1619 954 quoniam
1667 894 1787 955 eqo
1834 894 1982 938 sum
2032 876 2360 938 dominus.
2455 871 2587 938 Sed
2635 878 2701 938 et
2744 895 2891 956 pro-

637 979 830 1061 positi
862 979 1073 1044 nostri
1102 980 1268 1044 ratio
1300 979 1367 1043 in
1396 979 1465 1043 id
1498 981 1816 1062 convenit,
1868 980 2104 1063 quippe
2138 980 2267 1062 qui,
2317 1002 2464 1044 cum
2516 981 2889 1063 aliquandiu

637 1087 826 1151 variis
874 1108 951 1151 ac
999 1087 1292 1151 tristibus
1340 1087 1686 1151 saecularis
1741 1087 2005 1151 militiae
2062 1086 2425 1152 turbinibus
2471 1088 2887 1170 volveremur,

591 1193 896 1258 5tandem
942 1216 1063 1258 nos
1110 1195 1176 1257 111
1220 1201 1484 1277 portum
1528 1195 1874 1277 religionis,
1926 1195 2173 1259 cunctis
2207 1216 2461 1278 semper
2491 1194 2886 1277 fidissimum,

636 1298 894 1365 Christo
944 1301 1313 1384 adspirante
1363 1301 1793 1383 condidimuS,
1851 1306 1924 1365 ut
1969 1301 2060 1365 ibi
2107 1301 2416 1383 depositis
2464 1302 2764 1366 vanitatis
2812 1324 2888 1367 ac

636 1407 972 1490 superbiae
1018 1407 1278 1472 flatibus
1327 1408 1712 1472 christianae
1759 1408 2138 1471 humilitatis
2185 1407 2498 1473 sacrificio
2554 1408 2886 1491 placantes

637 1515 825 1579 deum
872 1536 1004 1580 non
1049 1514 1257 1579 solum
1301 1516 1662 1598 praesentis
1707 1515 1875 1579 vitae
1921 1514 2260 1598 naufragia
2305 1515 2419 1579 sed
2463 1515 2652 1580 etiam
2685 1515 2887 1580 futuri

635 1622 876 1685 saeculi
919 1621 1215 1686 incendia
1260 1623 1462 1686 vitare
1508 1623 1849 1704 possimus,

563 1756 615 1795 ιο
814 1726 945 1793 Sed
990 1730 1119 1794 iam
1166 1730 1232 1792 in
1275 1730 1534 1794 nomine
1582 1730 1844 1810 domini,
1907 1728 2081 1812 quod
2126 1728 2346 1810 instat,
2404 1728 2765 1811 adgrediar,
2812 1734 2886 1793 ut

635 1835 877 1900 scilicet
923 1858 963 1901 a
1007 1836 1353 1901 maioribus
1399 1837 1643 1901 tradita
1691 1841 1756 1900 et
1788 1836 1960 1919 apud
2004 1857 2124 1901 nos
2172 1836 2471 1918 deposita
2502 1836 2881 1920 describam,

634 1942 930 2008 relatoris
962 1941 1089 2008 fide
1122 1944 1340 2026 potius
1374 1966 1566 2026 (1113111
1596 1944 1885 2032 auctoris
1916 1943 2458 2026 praesumptione,
2506 1943 2627 2007 hac
2668 1949 2884 2008 tamen

635 2049 958 2114 scribendi
1001 2050 1143 2133 lege
1191 2057 1464 2133 servata,
1514 2057 1587 2115 ut
1632 2072 2039 2133 nequaquam
2086 2050 2299 2115 omnia
2339 2049 2452 2114 sed
2492 2055 2746 2124 tantum
2777 2071 2882 2114 ne-

635 2159 912 2222 cessaria
961 2179 1252 2241 quaeque
1297 2159 1748 2241 perstringam,
1795 2179 2004 2240 neque
2043 2157 2112 2221 id
2144 2163 2375 2222 ornato
2409 2161 2474 2222 et
2506 2163 2734 2222 exacto
2769 2156 2882 2222 sed

562 2291 613 2329 15
633 2262 803 2327 facili
850 2266 1297 2348 communique
1356 2285 1680 2345 sermone,
1746 2270 1820 2327 ut
1880 2264 2186 2347 pleraque
2247 2263 2604 2346 significata
2662 2265 2880 2347 potius

635 2394 826 2454 quam
859 2372 1177 2455 explicata
1206 2372 1563 2437 videantur.
1661 2370 1962 2437 Scribant
1992 2372 2059 2435 hi
2095 2372 2271 2436 laute
2304 2378 2374 2462 et·
2401 2376 2722 2452 accurate,
2770 2373 2879 2454 qui

633 2479 718 2542 ad
763 2479 887 2543 hoc
934 2501 1165 2543 munus
1212 2480 1312 2543 vel
1358 2480 1597 2562 ingenii
1641 2478 1877 2543 fiducia
1931 2478 2030 2542 vel
2088 2477 2280 2542 officii
2334 2479 2585 2543 ratione
2643 2478 2879 2543 ducun-

632 2592 758 2651 tur.
851 2586 966 2651 Me
1012 2609 1164 2651 vero
1214 2587 1639 2652 sublevandae
1671 2586 2134 2651 recordationis
2164 2586 2264 2651 vel
2292 2587 2512 2669 potius
2548 2586 2878 2651 oblivionis

632 2714 812 2757 meae
847 2689 1060 2775 gratia
1092 2695 1656 2759 commonitorium
1695 2695 1982 2759 mihimet
2014 2714 2276 2777 parasse
2308 2692 2653 2773 suffecerit,
2705 2693 2878 2776 quod

560 2825 615 2864 20
632 2805 848 2863 tamen
887 2800 1199 2882 paulatim
1227 2801 1596 2881 recolend0‚
1649 2823 1813 2884 quae
1860 2801 2073 2883 didici,
2123 2800 2462 2865 emendare
2511 2804 2575 2864 et
2618 2800 2879 2882 implere

633 2907 921 2990 quotidie
971 2908 1231 2972 domino
1279 2915 1653 2993 praestante
1700 2908 2004 2973 cona-bor.
2090 2906 2315 2990 Atque
2360 2907 2486 2970 hoc
2531 2907 2742 2989 ipsum
2785 2907 2877 2970 id·

633 3014 804 3078 circo
852 3015 1248 3097 praemonui,
1296 3021 1388 3097 ut,
1438 3016 1493 3079 si
1537 3014 1708 3080 forte
1757 3014 2043 3097 elapsum
2089 3014 2274 3078 nobis
2321 3013 2386 3077 in
2431 3033 2657 3077 manus
2699 3033 2877 3077 sanc-

630 3127 848 3185 torum
894 3120 1242 3201 devenerit,
1293 3121 1449 3185 nihil
1496 3121 1560 3184 in
1608 3142 1686 3185 eo
1735 3126 1974 3184 temere
2007 3119 2503 3202 reprehendant,
2553 3118 2726 3202 quod
2768 3119 2875 3183 ad-

631 3227 756 3292 huc
800 3228 1060 3293 videant
1103 3229 1422 3311 promissa
1468 3227 1916 3293 emendatione
1961 3227 2330 3293 limandum.

559 3359 613 3400 25
808 3334 899 3399 II.
949 3337 1042 3419 (1)
1075 3332 1281 3418 Saepe
1312 3335 1507 3417 igitur
1551 3355 1787 3416 magno
1838 3332 2048 3397 studio
2099 3338 2165 3396 et
2212 3354 2459 3396 summa
2504 3331 2878 3397 adtentione

629 3442 1005 3525 perquirens
1052 3463 1092 3505 a
1138 3463 1330 3524 quam
1377 3441 1666 3524 plurimis
1714 3441 2062 3505 sanctitate
2111 3445 2175 3504 et
2222 3439 2518 3504 doctrina
2546 3444 2877 3523 praestan-

631 3549 802 3613 tibus
865 3550 1016 3613 viris
1029 3597 1044 3628 ,
1116 3548 1592 3631 quonammodo
1660 3549 1900 3631 possim
1975 3552 2152 3613 certa
2225 3547 2504 3630 quadam
2559 3554 2626 3612 et
2696 3547 2880 3629 quasi

632 3656 915 3738 generali
961 3677 1038 3720 ac
1085 3656 1362 3738 regulari
1406 3656 1508 3719 via
1554 3655 1909 3720 catholicae
1954 3654 2105 3718 fidei
2151 3656 2486 3719 veritatem
2533 3654 2614 3720 ab
2658 3654 2879 3719 haere-

630 3765 795 3828 ticae
826 3764 1159 3847 pravitatis
1191 3762 1471 3827 falsitate
1505 3762 1887 3844 discernere,
1934 3762 2298 3827 huiusmodi
2330 3782 2582 3845 semper
2612 3782 2877 3843 respon-

560 3892 773 3936 aosum
821 3870 902 3935 ab
953 3870 1246 3935 omnibus
1293 3869 1427 3934 fere
1473 3870 1685 3949 retuli,
1745 3869 1941 3952 quod,
2000 3869 2130 3933 sive
2178 3890 2297 3951 ego
2347 3870 2477 3933 sive
2525 3869 2666 3951 quis
2714 3868 2879 3932 alius

631 3978 820 4043 vellet
882 3978 1366 4061 exsurgentium
1423 3977 1898 4042 haereticorum
1951 3974 2213 4041 fraudes
2261 3975 2742 4058 deprehendere
2787 3975 2880 4039 la-

813 4212 841 4264 1
882 4209 973 4264 Ps.
1011 4209 1082 4262 45
1120 4208 1254 4277 (46),
1295 4209 1381 4261 11.
