3292 5109
637 593 720 654 50
1286 589 1489 643 XXXI
1529 588 1955 660 <42)-XXX11
1992 589 2128 659 (43).

633 750 985 833 magisterii
1029 771 1291 815 munere
1335 750 1614 833 praediti
1661 751 1873 815 divina
1918 751 2171 835 eloquia
2216 751 2689 833 tractavissent,
2747 750 2883 815 uni-

634 879 853 923 versos
899 858 1147 922 seilicet
1194 857 1587 940 sacerdoteS,
1633 858 1961 922 universos
2008 858 2410 923 confessores
2444 862 2512 922 et
2543 863 2878 940 martyreS,

635 986 907 1048 quorum
951 965 1063 1029 alii
1109 964 1561 1048 explanassent
1593 964 1697 1029 dei
1727 964 1988 1049 Legem,
2038 964 2142 1029 alii
2187 986 2338 1030 vero
2388 964 2883 1047 explanantibus

635 1072 1104 1137 consensissent
1149 1071 1250 1135 vel
1295 1071 1751 1153 credidissent,
1814 1076 2022 1135 totam
2067 1077 2399 1154 postremo
2458 1071 2654 1135 etiam
2712 1092 2882 1134 nunc

585 1194 613 1235 5
634 1201 848 1245 errare
896 1185 964 1245 et
1011 1200 1262 1262 semper
1294 1200 1541 1244 errasse
1572 1179 1985 1244 adseveraret
2016 1179 2371 1260 ecclesiam,
2421 1200 2605 1261 quae,
2654 1181 2727 1242 ut
2757 1179 2881 1261 ipsi

631 1286 986 1368 videbatur,
1047 1286 1310 1369 ignaros
1372 1306 1803 1368 erroneosque
1864 1285 2165 1350 doctores
2212 1290 2279 1351 et
2325 1292 2552 1350 secuta
2597 1290 2769 1349 esset
2815 1293 2883 1349 et

634 1399 1029 1477 sequeretur.
1372 1441 1379 1446 -

809 1500 1125 1565 XXXII.
1162 1502 1302 1584 (43)
1337 1497 1521 1582 Quae
1555 1500 1769 1565 omnia
1798 1501 1950 1564 licet
1981 1500 2302 1565 cumulate
2336 1500 2719 1583 abundeque
2752 1500 2880 1564 suf-

630 1607 898 1673 ficerent
956 1599 1039 1673 ad
1090 1612 1433 1690 profanas
1494 1628 1783 1690 quasque
1830 1615 2159 1673 novitates
2224 1607 2590 1672 obruendas
2648 1614 2714 1673 et
2775 1630 2877 1673 ex-

561 1735 613 1773 ιο
631 1715 1040 1797 tinguendas,
1102 1720 1342 1796 tamen,
1404 1736 1484 1778 ne
1533 1714 1689 1797 quid
1737 1714 1958 1779 deesse
2006 1720 2229 1779 tantae
2275 1714 2664 1798 plenitudini
2708 1715 2879 1781 vide-

630 1827 840 1904 retur,
907 1822 989 1886 ad
1052 1827 1410 1887 extremum
1468 1822 1818 1887 adiecimus
1881 1822 2197 1904 geminam
2251 1820 2652 1904 apostolicae
2710 1823 2878 1887 sedis

631 1929 1116 2012 auctoritatem,
1183 1951 1376 1994 unam
1435 1929 1683 1993 scilicet
1730 1930 1935 1993 sancti
1981 1950 2191 2012 papae
2238 1927 2469 2013 Xysti,
2534 1928 2646 2011 qui
2704 1950 2876 1993 nunc

630 2036 993 2101 Romanam
1026 2035 1361 2100 eeclesiam
1391 2035 1790 2100 venerandus
1831 2035 2154 2117 inlustrat,
2203 2034 2475 2099 alteram
2520 2035 2878 2100 decessoris

633 2143 731 2207 sui
788 2143 1016 2208 beatae
1077 2144 1424 2209 memoriae
1478 2164 1689 2225 papae
1746 2140 2124 2224 Caelestini,
2193 2163 2385 2225 quam
2448 2141 2552 2206 hio
2619 2163 2875 2226 quoque

562 2269 613 2310 15
631 2251 1044 2332 interponere
1110 2250 1542 2314 necessarium
1605 2250 2041 2314 iudicavimus.
2137 2248 2258 2313 Ait
2324 2251 2545 2332 itaque
2615 2257 2875 2314 sanctus

630 2379 800 2442 papa
828 2358 1083 2441 Xystus
1114 2359 1179 2423 in
1228 2359 1524 2442 epistula,
1575 2380 1770 2441 quam
1803 2359 1882 2423 de
1915 2380 2113 2423 causa
2142 2358 2435 2423 Nestorii
2465 2357 2874 2423 Antiocheno

633 2466 806 2529 misit
838 2466 1174 2547 episcopo:
1224 2487 1406 2546 erqo,
1455 2466 1687 2548 inquit,
1737 2474 1916 2547 quia,
1967 2473 2148 2531 sieut
2174 2472 2273 2531 ait
2307 2469 2675 2547 apostolice,
2702 2468 2876 2546 sides

632 2594 767 2637 uua
837 2583 968 2653 est,
1035 2593 1203 2654 quae
1266 2577 1602 2638 evidenter
1664 2577 1949 2638 obtinuit
2012 2576 2324 2653 dicenda,
2394 2576 2747 2637 credamus
2812 2582 2880 2636 et

632 2684 918 2745 tenenda
965 2685 1286 2746 dieamus,
1381 2677 1564 2762 Quae
1622 2685 1774 2744 sunt
1827 2679 2093 2744 tandem
2138 2679 2249 2743 illa
2297 2679 2622 2744 credenda
2668 2684 2736 2743 et
2783 2679 2876 2742 di-

561 2805 615 2844 20
634 2787 886 2851 cenda?
968 2785 1273 2871 Sequitur
1320 2793 1387 2852 et
1432 2789 1553 2852 ait:
1602 2792 1776 2853 nihil
1813 2793 2017 2870 ultra,
2062 2787 2291 2870 inquit,
2342 2791 2543 2852 liceat
2574 2793 2879 2867 novitati,

634 2901 791 2975 quia
820 2898 995 2959 nihil
1020 2899 1182 2960 addi
1226 2902 1529 2960 convenit
1560 2902 1913 2975 vetustati,-
1950 2901 2315 2978 perspicua
2346 2900 2678 2958 maiorum
2702 2897 2880 2974 sides

634 3010 700 3065 et
765 3005 1132 3066 credulitas
1191 3007 1380 3066 nulla
1426 3009 1619 3067 caeni
1666 3009 2128 3085 permixtione
2174 3004 2502 3066 turbetur.
2598 2998 2876 3065 Omnino

631 3108 1020 3191 apostolice,
1084 3113 1158 3172 ut
1216 3110 1535 3173 maiorum
1594 3108 2044 3174 credulitatem
2104 3107 2579 3191 perspicuitatis
2645 3106 2878 3170 lumine

636 3221 915 3295 ornaret,
963 3216 1240 3280 novitias
1285 3236 1435 3279 vero
1483 3214 1911 3298 profanitates
1962 3216 2142 3279 caeni
2181 3214 2609 3297 permixtione
2642 3213 2878 3278 descri-

563 3337 618 3379 25
634 3322 837 3389 beret.
935 3321 1063 3387 Sed
1112 3327 1178 3387 et
1224 3328 1484 3386 sanctus
1531 3343 1705 3404 papa
1746 3319 2149 3386 Caelestinus
2195 3321 2338 3402 pari
2382 3320 2578 3386 modo
2629 3320 2878 3385 eadem-

637 3450 759 3511 que
809 3429 1149 3496 sententia.
1227 3429 1350 3492 Ait
1397 3428 1564 3492 enim
1609 3428 1677 3491 in
1724 3427 2015 3511 epistula,
2067 3449 2265 3509 quam
2298 3425 2636 3492 Gallorum
2669 3447 2879 3492 sacer-

595 3535 892 3602 »dotibus
937 3535 1112 3600 misit
1158 3555 1435 3618 arguens
1484 3556 1706 3600 eorum
1756 3534 2254 3615 conniventiam,
2318 3533 2494 3616 quod
2548 3534 2881 3616 antiquam

631 3642 822 3707 fidem
870 3643 1125 3708 silentio
1176 3642 1599 3707 destituentes
1636 3646 1973 3725 profanas
2007 3648 2337 3705 novitates
2379 3661 2721 3723 exsurgere
2767 3661 2880 3722 pa-

631 3755 954 3814 terentur:
1049 3755 1326 3831 merito,
1384 3748 1623 3831 inquit,
1686 3769 1893 3813 eausa
1948 3769 2072 3813 uos
2119 3755 2429 3829 respicit,
2495 3755 2558 3812 si
2602 3751 2879 3813 silentio

559 3875 613 3914 80
626 3861 982 3937 foveamus
1029 3876 1351 3921 errorem.
1431 3858 1609 3936 Erqo
1658 3862 2117 3938 corripiantur
2148 3857 2566 3935 huiusmodi;
2610 3874 2743 3918 non
2788 3860 2882 3918 sit

811 4108 844 4158 9
884 4108 932 4159 1.
971 4063 1113 4159 Tim.
1152 4106 1202 4171 6,
1239 4106 1326 4157 20.
1571 4105 1638 4156 16
1676 4103 1841 4172 Xysti
1879 4122 1964 4172 ep.
2008 4102 2106 4170 VI,
2145 4106 2196 4156 7.
2450 4106 2516 4156 17
2554 4102 2700 4173 Eph.
2738 4106 2790 4171 4,
2828 4105 2879 4156 5.

633 4197 844 4249 24—28
885 4198 931 4248 1.
959 4194 1099 4248 Tim.
1127 4197 1176 4262 6,
1216 4196 1301 4246 20.
1555 4194 1624 4245 29
1653 4192 1885 4247 Caelest.
1910 4191 1943 4245 I
1968 4210 2055 4261 ep.
2080 4192 2242 4258 XXI,
2267 4195 2319 4245 2.
