3292 5109
1051 587 1289 642 xxvn
1325 587 1790 657 (38)-xxvm
1825 586 1962 658 (39).
2543 591 2629 652 43

378 749 560 815 iuxta
606 749 906 815 catholici
952 748 1272 832 dogmatis
1304 748 1561 831 regulas
1607 749 2147 832 interpretentur3
2194 748 2263 811 in
2309 768 2438 831 qua
2478 748 2633 813 item

380 840 703 922 catholica
767 860 834 921 et
890 855 1252 939 apostolica
1307 855 1583 921 ecclesia
1630 861 1987 939 sequantur
2032 875 2297 921 necesse
2344 859 2444 919 est
2488 855 2629 918 uni-

376 965 750 1029 versitatem
819 962 1273 1046 antiquitatem
1350 963 1833 1028 consensionem
1851 1012 1870 1045 ‚
1932 968 2019 1045 et,
2069 963 2123 1027 si
2170 961 2431 1045 quando
2478 982 2631 1045 pars

378 1076 610 1136 contra
655 1070 1158 1151 universitatem,
1223 1070 1475 1134 novitas
1534 1075 1767 1136 contra
1809 1075 2236 1151 vetustatem,
2298 1069 2487 1133 unius
2531 1068 2632 1132 vel

375 1198 730 1262 paucorum
761 1177 1118 1241 errantium
1151 1176 1464 1241 dissensio
1499 1180 1737 1242 contra
1769 1177 2055 1241 omnium
2085 1175 2185 1241 vel
2217 1181 2394 1241 certe
2424 1175 2629 1239 multo
2649 1196 2677 1236 5

375 1285 654 1369 plurium
714 1282 1188 1349 catholicorum
1235 1284 1729 1349 consensionem
1774 1283 2199 1364 rebellaverit,
2262 1281 2634 1366 praeferant

376 1392 696 1475 portionis
729 1390 1133 1474 corruptioni
1162 1390 1598 1455 universitatis
1629 1390 2101 1472 integritatem,
2148 1390 2214 1453 in
2248 1410 2377 1472 qua
2408 1389 2634 1454 eadem

375 1498 790 1564 universitate
837 1497 1140 1562 novitatis
1171 1496 1551 1580 profanitati
1581 1497 1986 1579 antiquitatis
2018 1497 2411 1579 religionem,
2451 1497 2632 1561 item-

379 1626 502 1688 que
561 1606 630 1669 in
688 1605 829 1688 ipsa
871 1609 1200 1670 vetustate
1258 1604 1446 1668 unius
1503 1604 1634 1669 sive
1682 1604 2215 1687 paucissimorum
2259 1603 2629 1684 temeritati,

376 1712 658 1795 primum
705 1712 989 1775 omnium
1037 1711 1381 1794 generalia,
1431 1712 1486 1775 si
1533 1732 1664 1795 qua
1724 1717 1908 1792 sunt,
1956 1710 2332 1775 universalis
2376 1710 2634 1776 concilii
2653 1732 2706 1771 ιο

378 1818 644 1883 decreta
673 1823 1102 1901 praeponant,
1150 1823 1307 1882 tunc
1339 1817 1590 1899 deinde,
1639 1819 1696 1882 si
1734 1818 1802 1882 id
1832 1819 2043 1882 minus
2090 1823 2206 1895 est,
2256 1822 2630 1900 sequantur,

380 1924 556 2007 quod
586 1924 952 2007 proximum
984 1928 1103 2004 est,
1137 1924 1487 1988 multorum
1517 1929 1715 2007 atque
1746 1945 2127 2008 magnorum
2157 1924 2633 1989 consentientes

379 2030 501 2094 sibi
547 2030 902 2096 sententias
931 2030 1406 2112 magistrorum.
1486 2028 1736 2114 Quibus
1782 2032 2126 2098 adiuvante
2175 2031 2431 2095 domino
2477 2028 2630 2095 fide-

376 2136 525 2202 liter
573 2136 787 2201 sobrie
843 2135 1117 2201 sollicite
1152 2137 1508 2203 observatis
1539 2160 1670 2203 non
1703 2159 1937 2222 magna
1984 2138 2363 2203 difficultate
2400 2137 2633 2202 noxios

381 2265 674 2327 quosque
720 2244 1197 2326 exsurgentium
1240 2244 1715 2310 haereticorum
1763 2245 2316 2329 deprehendemus
2357 2264 2628 2309 erroreS.
2651 2270 2704 2311 15

591 2349 936 2418 XXVIH.
986 2352 1125 2436 (39)
1156 2351 1289 2417 Hic
1319 2352 1447 2417 iam
1473 2373 1876 2436 consequens
1901 2374 2041 2418 esse
2073 2352 2281 2435 vide0,
2314 2358 2390 2416 ut
2422 2372 2628 2416 exem-

376 2456 499 2540 plis
547 2457 1004 2541 demonstrem,
1054 2459 1532 2550 quonammodo
1580 2459 1893 2543 profanae
1939 2459 2413 2524 haereticorum
2460 2460 2631 2523 novi-

380 2569 550 2629 tates
609 2564 879 2647 prolatis
940 2570 1139 2648 atque
1200 2567 1474 2631 conlatis
1522 2571 1812 2630 veterum
1857 2567 2312 2648 magistrorum
2360 2586 2629 2631 concor-

379 2672 683 2736 dantibus
704 2672 961 2737 sibimet
985 2674 1320 2738 sententiis
1341 2678 1409 2737 et
1428 2673 1996 2756 deprehendantur
2016 2678 2081 2737 et
2102 2673 2626 2738 condemnentur.

379 2776 562 2862 Quae
622 2783 838 2842 tamen
897 2780 1166 2862 antiqua
1226 2784 1598 2844 sanctorum
1656 2784 1919 2862 patrum
1979 2780 2318 2845 consensio
2389 2801 2516 2844 non
2561 2780 2628 2843 in
2648 2806 2702 2846 so

380 2884 675 2949 omnibus
724 2885 974 2950 divinae
1020 2884 1217 2968 Legis
1266 2887 1773 2969 quaestiunculis
1822 2885 1936 2951 sed
1983 2887 2191 2951 solum
2223 2891 2396 2951 certe
2442 2907 2629 2969 prae-

378 2992 565 3076 cipue
624 2992 692 3055 in
750 2990 902 3056 fidei
959 2992 1184 3075 regula
1243 3014 1475 3075 magno
1533 2993 1722 3057 nobis
1780 2993 1997 3058 studio
2063 2999 2127 3058 et
2184 2993 2630 3076 investiganda

379 3104 478 3163 est
525 3104 593 3164 et
640 3099 989 3182 sequenda.
1069 3098 1200 3164 Sed
1248 3121 1458 3183 neque
1506 3121 1758 3184 semper
1802 3121 2011 3184 neque
2061 3122 2282 3166 omnes
2328 3100 2626 3165 haereses
2717 3155 2727 3165 .

377 3205 502 3270 hoc
558 3206 753 3271 modo
802 3206 1272 3289 impugnandae
1334 3212 1484 3271 sunt
1533 3207 1647 3273 sed
1693 3208 1973 3273 novitiae
2018 3213 2440 3291 recentesque
2486 3213 2628 3272 tan-

376 3313 736 3395 tummodo,
786 3334 933 3378 cum
976 3314 1256 3396 primum
1297 3314 1542 3379 scilicet
1589 3316 1988 3398 exoriuntur,
2048 3322 2401 3398 antequam
2443 3313 2700 3380 infal·25

378 3440 519 3484 sare
550 3425 844 3485 vetustae
876 3420 1026 3485 fidei
1055 3421 1314 3503 regulas
1346 3421 1545 3505 ipsius
1592 3423 1901 3505 temporis
1948 3427 2249 3486 vetantur
2295 3422 2625 3504 angustiis,

379 3547 456 3591 ac
523 3528 898 3610 priusquam
966 3534 1269 3594 manante
1337 3529 1533 3593 latius
1601 3550 1848 3593 veneno
1918 3530 2239 3594 maiorum
2305 3528 2629 3593 volumina

377 3633 605 3698 vitiare
653 3640 988 3699 conentur.
1069 3634 1378 3700 Ceterum
1426 3635 1732 3701 dilatatae
1781 3642 1847 3702 et
1890 3636 2283 3702 inveteratae
2330 3636 2628 3701 haereses

378 3760 788 3824 nequaquam
818 3741 940 3805 hac
971 3742 1074 3806 via
1104 3742 1578 3826 adgrediendae
1612 3748 1784 3822 sunt,
1836 3763 1913 3807 eo
1948 3743 2124 3826 quod
2167 3743 2420 3826 prolixo
2468 3747 2629 3806 tem-

378 3867 613 3929 porum
657 3853 873 3912 tractu
930 3848 1125 3931 longa
1170 3849 1270 3913 his
1315 3849 1630 3914 furandae
1675 3850 1967 3914 veritatis
2012 3850 2299 3934 patuerit
2347 3850 2623 3915 occasio.
2646 3873 2701 3913 so

378 3953 608 4036 Atque
666 3955 814 4020 ideo
876 3977 1310 4039 quascumque
1370 3956 1511 4021 illas
1580 3957 1979 4040 antiquiores
2039 3957 2139 4022 vel
2213 3956 2627 4021 schismatum

556 4186 590 4238 s
629 4185 698 4239 cf.
739 4187 788 4238 1.
825 4185 966 4239 Tim.
1007 4187 1056 4252 6,
1096 4188 1184 4243 20.
1403 4189 1471 4239 17
1509 4187 1580 4242 of.
1621 4189 1671 4240 1.
1708 4186 1850 4240 Tim.
1890 4189 1941 4255 6,
1979 4190 2067 4241 ρο.
