3292 5109
108 0 225 8 ...τιμή--

800 0 954 8 ..q-..W
987 0 1040 3 ra,
1061 0 1072 3 ff
1101 0 1180 3 ffffi.*x

1140 578 1333 637 xxn‘
1354 579 1752 652 (en—xxm
1776 581 1906 651 (28).
2561 583 2646 646 33

396 746 591 810 divini
661 745 872 810 cultus
943 745 1275 809 scientiam
1339 743 1438 808 vel
1482 742 1724 808 habere
1768 742 1894 827 ipsi
1940 741 2180 809 debent
2225 743 2325 808 vel
2372 743 2509 808 aliis
2556 745 2648 807 in-

392 852 710 918 fundere?
805 850 980 935 Quid
1027 856 1155 916 est:
1229 854 1602 933 depositum
1667 854 1975 915 custodi?
2061 848 2367 933 Custodi,
2415 851 2646 933 inquit,

392 966 662 1043 propter
705 958 907 1041 fureS,
952 964 1238 1042 ¹propter
1282 958 1594 1040 inimicos,
1642 978 1727 1021 ne
1777 957 2240 1022 dormientibus
2285 956 2648 1021 hominibus

395 1066 910 1149 superseminent
955 1066 1198 1129 zizania
1244 1085 1440 1147 super
1482 1064 1637 1129 illud
1683 1064 1883 1128 tritici
1914 1063 2158 1129 bonum
2188 1085 2424 1145 semen,
2476 1063 2648 1146 quod

395 1174 827 1239 seminaverat
866 1172 1036 1237 filius
1081 1172 1357 1237 hominis
1403 1172 1470 1236 in
1516 1193 1673 1254 agro
1721 1192 1860 1236 suo.
1955 1174 2368 1253 Deposltum,
2416 1172 2646 1255 inquit,
2666 1194 2692 1236 5

402 1285 686 1347 custodi.
781 1277 954 1362 Quid
1001 1284 1099 1344 est
1147 1283 1569 1361 depositum?
1640 1278 1722 1343 Id
1768 1283 1895 1357 est,
1947 1278 2122 1361 quod
2168 1277 2287 1342 tibi
2332 1279 2649 1343 creditum

395 1393 515 1471 est,
563 1410 697 1452 non
743 1386 921 1469 quod
968 1408 1007 1451 a
1051 1391 1119 1451 te
1165 1387 1512 1466 inventum,
1563 1384 1738 1468 quod
1784 1386 2110 1468 accepisti,
2157 1405 2288 1450 non
2336 1386 2512 1468 quod
2543 1407 2647 1449 ex-

396 1494 729 1579 cogitasti,
794 1515 932 1558 rem
977 1515 1109 1557 non
1153 1493 1394 1576 ingenii
1465 1492 1581 1556 sed
1629 1492 1983 1572 doctrinae,
2033 1512 2162 1556 non
2206 1492 2648 1574 usurpationis

392 1602 686 1684 privatae
733 1600 847 1665 sed
893 1599 1190 1683 publicae
1221 1595 1607 1682 traditioniS,
1656 1620 1793 1664 rem
1841 1599 1926 1663 ad
1971 1605 2038 1663 te
2070 1598 2470 1682 perductam,
2519 1620 2647 1664 non

397 1729 437 1772 a
480 1714 546 1773 te
591 1708 957 1790 prolatam,
1025 1708 1091 1771 in
1163 1729 1292 1789 qua
1357 1728 1490 1771 non
1538 1711 1767 1771 auctor
1813 1706 2010 1771 debes
2058 1726 2198 1770 esse
2245 1706 2360 1770 sed
2407 1712 2646 1789 custos,
2669 1731 2721 1770 10

396 1837 526 1879 non
571 1815 913 1879 institutor
956 1815 1073 1879 sed
1119 1819 1439 1896 sectator,
1494 1835 1625 1878 non
1674 1813 1918 1878 ducens
1964 1812 2081 1877 sed
2129 1833 2423 1895 sequens.
2523 1818 2650 1879 De‘

391 1929 711 2003 positum,
755 1921 984 2003 inquit,
1020 1924 1313 1986 custodi:
1357 1920 1711 1985 catholicae
1739 1919 1891 1984 fidei
1923 1925 2244 1985 talentum
2276 1921 2649 1985 inviolatum

395 2028 866 2110 inlibatumque
892 2045 1244 2092 conserva.
1339 2024 1531 2109 Quod
1578 2027 1699 2091 tibi
1746 2020 2088 2092 creditum'
2113 2034 2232 2108 est,
2281 2028 2405 2092 hoc
2449 2049 2648 2111 penes

396 2140 463 2198 te
509 2139 807 2217 maneat,
876 2133 1002 2198 hoc
1072 2156 1113 2197 a
1181 2139 1246 2198 te
1315 2134 1636 2198 tradatur.
1730 2131 1989 2198 Aurum
2036 2134 2372 2218 accepisti,
2422 2154 2649 2198 aurum

395 2240 624 2323 redde3
672 2240 823 2305 nolo
870 2240 1024 2304 mihi
1068 2261 1188 2323 pro
1238 2240 1377 2305 aliis
1424 2240 1549 2305 alia
1594 2240 1913 2323 subiiciaS,
1962 2241 2115 2305 nolo
2160 2262 2280 2323 pro
2328 2261 2486 2305 auro
2535 2247 2648 2306 aut
2668 2264 2719 2304 15

393 2347 802 2430 impudenter
845 2346 1179 2430 plumbum
1225 2353 1340 2411 aut
1385 2346 1824 2412 fraudulenter
1869 2344 2242 2412 aeramenta
2282 2368 2644 2431 supponas;

395 2455 546 2519 nolo
595 2455 736 2519 auri
784 2456 1062 2537 speciem
1110 2453 1226 2519 sed
1281 2460 1582 2519 naturam
1637 2455 1849 2537 plane.
1954 2458 2005 2520 Ο
2057 2459 2412 2537 Timothee,
2460 2477 2497 2519 o
2548 2476 2646 2520 sa-

398 2562 648 2644 cerdos,
699 2582 736 2626 o
769 2566 1108 2643 tractator,
1157 2583 1197 2625 o
1229 2561 1484 2644 doctor,
1533 2562 1589 2625 si
1632 2568 1699 2626 te
1748 2561 2028 2626 divinum
2071 2583 2302 2626 munus
2345 2562 2645 2627 idoneum

395 2667 621 2733 fecerit
683 2669 940 2751 ingenio
992 2668 1453 2733 exercitatione
1502 2668 1819 2750 doctrina,
1894 2674 2034 2733 esto
2084 2668 2387 2752 spiritalis
2432 2668 2644 2733 taber-

396 2775 610 2839 naculi
656 2773 982 2856 Beseleel,
1044 2775 1361 2858 pretiosas
1409 2775 1603 2839 divini
1650 2775 1975 2857 dogmatis
2024 2796 2309 2858 gemmas
2356 2776 2645 2859 exculpe,
2666 2803 2720 2842 20

396 2880 674 2945 fideliter
720 2886 985 2964 coapta,
1047 2880 1297 2946 adorna
1351 2881 1710 2964 sapienter,
1781 2881 1986 2946 adiice
2033 2882 2442 2965 splendorem
2504 2905 2650 2965 gra-

396 2988 555 3051 tiam
599 2993 1018 3052 venustatem.
1098 2987 1510 3070 Intelligatur
1554 2994 1620 3053 te
1676 2995 2038 3072 exponente
2084 2989 2434 3072 inlustrius,
2469 2989 2652 3072 quod

398 3100 591 3159 antea
648 3095 983 3159 obscurius
1049 3095 1453 3162 credebatur.
1548 3095 1679 3160 Per
1733 3101 1800 3160 te
1859 3097 2207 3178 posteritas
2251 3096 2650 3161 intellectum

399 3201 782 3283 gratuletur,
832 3201 1011 3284 quod
1058 3209 1209 3266 ante
1257 3208 1543 3267 vetustas
1589 3224 1723 3267 non
1768 3203 2163 3269 intellectum
2196 3203 2643 3268 venerabatur.

397 3307 648 3372 Eadem
680 3312 918 3390 tamen,
969 3330 1134 3391 quae
1167 3308 1466 3389 didicisti,
1517 3309 1699 3392 doce,
1748 3315 1839 3393 ut,
1892 3331 2036 3374 cum
2071 3310 2243 3375 dicas
2282 3331 2465 3393 nove,
2514 3332 2722 3377 nones

398 3414 575 3479 dicas
618 3434 808 3478 nova.
2191 3465 2194 3468 -

574 3519 863 3585 XXIII.
914 3523 1053 3606 (28)
1089 3519 1219 3586 Sed
1250 3522 1525 3587 forsitan
1558 3522 1716 3588 dicit
1748 3524 2005 3607 aliquis:
2047 3524 2341 3590 nullusne
2374 3546 2526 3608 ergo
2580 3526 2647 3589 in

400 3626 669 3691 ecclesia
737 3625 980 3692 Christi
1049 3628 1380 3712 profectus
1446 3628 1792 3695 habebitur
1857 3630 2230 3712 religionis&
2303 3630 2649 3696 Habeatur

397 3732 587 3814 plane
636 3739 701 3798 et
747 3736 1082 3800 maximus,
1177 3735 1350 3801 Nam
1398 3737 1540 3819 quis
1585 3737 1695 3801 ille
1742 3742 1842 3801 est
1903 3743 2038 3802 tam
2083 3737 2336 3802 invidus
2380 3737 2647 3803 homini-

397 3838 539 3919 bus,
593 3845 728 3904 tam
778 3862 1010 3907 exosus
1058 3843 1204 3925 deo,
1254 3844 1362 3926 qui
1407 3843 1582 3908 istud
1628 3843 1974 3927 prohibere
2006 3845 2320 3909 conetur?
2392 3841 2523 3911 Sed
2553 3846 2646 3909 ita
2665 3869 2718 3910 30

399 3951 637 4021 tamen,
684 3952 761 4011 ut
806 3969 952 4014 vere
998 3949 1332 4033 profectus
1379 3951 1465 4014 sit
1508 3950 1612 4014 ille
1659 3950 1831 4034 fidei,
1878 3972 2009 4016 non
2055 3952 2467 4035 permutatio.
2548 3950 2644 4017 Si-

577 4180 610 4232 3
635 4178 744 4234 Mt.
774 4180 857 4246 13,
883 4182 954 4233 24
969 4198 1049 4248 sq.
1077 4182 1164 4236 37.
1311 4182 1378 4234 12
1404 4179 1471 4236 cf.
1495 4180 1602 4235 Mt.
1623 4181 1712 4250 25,
1742 4181 1824 4234 15.
1973 4182 2039 4235 19
2066 4180 2133 4236 cf.
2158 4180 2338 4235 Exod.
2365 4183 2450 4248 31,
2478 4184 2641 4251 2sqq.

505 4274 715 4319 Vincenz
742 4286 838 4321 von
865 4275 1103 4321 Lerinum.
2218 4291 2251 4342 3
