<?xml version="1.0" encoding="UTF-8"?>
<!DOCTYPE html PUBLIC "-//W3C//DTD XHTML 1.0 Transitional//EN"
    "http://www.w3.org/TR/xhtml1/DTD/xhtml1-transitional.dtd">
<html xmlns="http://www.w3.org/1999/xhtml" xml:lang="en" lang="en">
 <head>
  <title>
</title>
<meta http-equiv="Content-Type" content="text/html;charset=utf-8" />
  <meta name='ocr-system' content='tesseract 3.04.00' />
  <meta name='ocr-capabilities' content='ocr_page ocr_carea ocr_par ocr_line ocrx_word'/>
</head>
<body>
  <div class='ocr_page' id='page_1' title='image "./vincenzvonlerin00jlgoog_0043.png"; bbox 0 0 3292 5109; ppageno 0'>
   <div class='ocr_carea' id='block_1_1' title="bbox 600 567 2048 640">
    <p class='ocr_par' dir='ltr' id='par_1_1' title="bbox 600 567 2048 640">
     <span class='ocr_line' id='line_1_1' title="bbox 600 567 2048 640; baseline -0.001 -13"><span class='ocrx_word' id='word_1_1' title='bbox 600 573 689 636; x_wconf 81' lang='lat'>24</span> <span class='ocrx_word' id='word_1_2' title='bbox 1389 569 1503 624; x_wconf 84' lang='lat' dir='ltr'>xv</span> <span class='ocrx_word' id='word_1_3' title='bbox 1541 567 1879 640; x_wconf 70' lang='lat' dir='ltr'>(sn—XVI</span> <span class='ocrx_word' id='word_1_4' title='bbox 1915 569 2048 639; x_wconf 77' lang='lat'><strong>(22).</strong></span> 
     </span>
    </p>
   </div>
   <div class='ocr_carea' id='block_1_2' title="bbox 554 729 2857 1670">
    <p class='ocr_par' dir='ltr' id='par_1_2' title="bbox 554 729 2857 1670">
     <span class='ocr_line' id='line_1_2' title="bbox 601 729 2850 813; baseline -0 -16"><span class='ocrx_word' id='word_1_5' title='bbox 601 736 719 797; x_wconf 89' lang='lat' dir='ltr'>est.</span> <span class='ocrx_word' id='word_1_6' title='bbox 811 730 965 797; x_wconf 89' lang='lat' dir='ltr'>Non</span> <span class='ocrx_word' id='word_1_7' title='bbox 1023 731 1144 813; x_wconf 90' lang='lat' dir='ltr'>ita,</span> <span class='ocrx_word' id='word_1_8' title='bbox 1207 730 1489 813; x_wconf 88' lang='lat' dir='ltr'>inquam,</span> <span class='ocrx_word' id='word_1_9' title='bbox 1537 736 1765 795; x_wconf 89' lang='lat' dir='ltr'>sancta</span> <span class='ocrx_word' id='word_1_10' title='bbox 1808 729 2023 795; x_wconf 88' lang='lat' dir='ltr'>Maria</span> <span class='ocrx_word' id='word_1_11' title='bbox 2082 729 2457 812; x_wconf 89' lang='lat' dir='ltr'>theotocos,</span> <span class='ocrx_word' id='word_1_12' title='bbox 2525 730 2640 796; x_wconf 88' lang='lat' dir='ltr'>sed</span> <span class='ocrx_word' id='word_1_13' title='bbox 2703 730 2850 796; x_wconf 91' lang='lat' dir='ltr'>ideo</span> 
     </span>
     <span class='ocr_line' id='line_1_3' title="bbox 599 838 2851 921; baseline 0 -18"><span class='ocrx_word' id='word_1_14' title='bbox 599 839 837 921; x_wconf 82' lang='lat' dir='ltr'>potiuS,</span> <span class='ocrx_word' id='word_1_15' title='bbox 900 838 1228 921; x_wconf 90' lang='lat' dir='ltr'>quoniam,</span> <span class='ocrx_word' id='word_1_16' title='bbox 1289 843 1362 901; x_wconf 92' lang='lat' dir='ltr'>ut</span> <span class='ocrx_word' id='word_1_17' title='bbox 1409 859 1605 920; x_wconf 91' lang='lat' dir='ltr'>supra</span> <span class='ocrx_word' id='word_1_18' title='bbox 1653 838 1895 903; x_wconf 90' lang='lat' dir='ltr'>dictum</span> <span class='ocrx_word' id='word_1_19' title='bbox 1941 843 2062 919; x_wconf 91' lang='lat' dir='ltr'>est,</span> <span class='ocrx_word' id='word_1_20' title='bbox 2121 838 2251 902; x_wconf 87' lang='lat' dir='ltr'>iam</span> <span class='ocrx_word' id='word_1_21' title='bbox 2294 838 2361 901; x_wconf 93' lang='lat' dir='ltr'>in</span> <span class='ocrx_word' id='word_1_22' title='bbox 2408 838 2544 903; x_wconf 91' lang='lat' dir='ltr'>eius</span> <span class='ocrx_word' id='word_1_23' title='bbox 2590 843 2851 904; x_wconf 87' lang='lat' dir='ltr'>sacrato</span> 
     </span>
     <span class='ocr_line' id='line_1_4' title="bbox 600 944 2854 1030; baseline -0.001 -20"><span class='ocrx_word' id='word_1_24' title='bbox 600 951 787 1011; x_wconf 90' lang='lat' dir='ltr'>utero</span> <span class='ocrx_word' id='word_1_25' title='bbox 836 950 1322 1011; x_wconf 90' lang='lat' dir='ltr'>sacrosanctum</span> <span class='ocrx_word' id='word_1_26' title='bbox 1365 944 1526 1009; x_wconf 91' lang='lat' dir='ltr'>illud</span> <span class='ocrx_word' id='word_1_27' title='bbox 1570 946 1946 1030; x_wconf 82' lang='lat' dir='ltr'><strong>mysterium</strong></span> <span class='ocrx_word' id='word_1_28' title='bbox 1989 950 2434 1027; x_wconf 91' lang='lat' dir='ltr'>perpetratum</span> <span class='ocrx_word' id='word_1_29' title='bbox 2497 950 2618 1027; x_wconf 91' lang='lat' dir='ltr'>est,</span> <span class='ocrx_word' id='word_1_30' title='bbox 2678 945 2854 1028; x_wconf 88' lang='lat' dir='ltr'>quod</span> 
     </span>
     <span class='ocr_line' id='line_1_5' title="bbox 600 1052 2852 1137; baseline 0 -20"><span class='ocrx_word' id='word_1_31' title='bbox 600 1059 874 1137; x_wconf 87' lang='lat' dir='ltr'>propter</span> <span class='ocrx_word' id='word_1_32' title='bbox 897 1052 1285 1135; x_wconf 85' lang='lat' dir='ltr'>singularem</span> <span class='ocrx_word' id='word_1_33' title='bbox 1310 1052 1633 1135; x_wconf 87' lang='lat' dir='ltr'>quandam</span> <span class='ocrx_word' id='word_1_34' title='bbox 1668 1058 1865 1135; x_wconf 90' lang='lat' dir='ltr'>atque</span> <span class='ocrx_word' id='word_1_35' title='bbox 1896 1053 2152 1117; x_wconf 90' lang='lat' dir='ltr'>unicam</span> <span class='ocrx_word' id='word_1_36' title='bbox 2175 1073 2491 1135; x_wconf 82' lang='lat' dir='ltr'>personae</span> <span class='ocrx_word' id='word_1_37' title='bbox 2516 1053 2852 1133; x_wconf 90' lang='lat' dir='ltr'>unitatem,</span> 
     </span>
     <span class='ocr_line' id='line_1_6' title="bbox 554 1157 2675 1235; baseline -0.001 -11"><span class='ocrx_word' id='word_1_38' title='bbox 554 1184 582 1224; x_wconf 82' lang='lat'><strong>5</strong></span> <span class='ocrx_word' id='word_1_39' title='bbox 603 1162 770 1224; x_wconf 89' lang='lat' dir='ltr'>sicut</span> <span class='ocrx_word' id='word_1_40' title='bbox 808 1159 1072 1224; x_wconf 85' lang='lat' dir='ltr'>verbum</span> <span class='ocrx_word' id='word_1_41' title='bbox 1117 1159 1183 1222; x_wconf 92' lang='lat' dir='ltr'>in</span> <span class='ocrx_word' id='word_1_42' title='bbox 1232 1179 1424 1222; x_wconf 88' lang='lat' dir='ltr'>carne</span> <span class='ocrx_word' id='word_1_43' title='bbox 1473 1179 1644 1235; x_wconf 89' lang='lat' dir='ltr'>car0,</span> <span class='ocrx_word' id='word_1_44' title='bbox 1694 1159 1785 1222; x_wconf 90' lang='lat' dir='ltr'>ita</span> <span class='ocrx_word' id='word_1_45' title='bbox 1828 1158 2019 1223; x_wconf 94' lang='lat' dir='ltr'>homo</span> <span class='ocrx_word' id='word_1_46' title='bbox 2064 1158 2131 1221; x_wconf 89' lang='lat' dir='ltr'>in</span> <span class='ocrx_word' id='word_1_47' title='bbox 2180 1157 2302 1223; x_wconf 91' lang='lat' dir='ltr'>deo</span> <span class='ocrx_word' id='word_1_48' title='bbox 2351 1157 2507 1223; x_wconf 89' lang='lat' dir='ltr'>deus</span> <span class='ocrx_word' id='word_1_49' title='bbox 2554 1164 2675 1223; x_wconf 88' lang='lat' dir='ltr'>est.</span> 
     </span>
     <span class='ocr_line' id='line_1_7' title="bbox 778 1263 2853 1351; baseline -0 -21"><span class='ocrx_word' id='word_1_50' title='bbox 778 1266 980 1334; x_wconf 90' lang='lat' dir='ltr'>XVI.</span> <span class='ocrx_word' id='word_1_51' title='bbox 1015 1265 1161 1351; x_wconf 79' lang='lat'>(22)</span> <span class='ocrx_word' id='word_1_52' title='bbox 1194 1263 1327 1329; x_wconf 85' lang='lat' dir='ltr'>Sed</span> <span class='ocrx_word' id='word_1_53' title='bbox 1355 1266 1485 1329; x_wconf 92' lang='lat' dir='ltr'>iam</span> <span class='ocrx_word' id='word_1_54' title='bbox 1515 1286 1612 1347; x_wconf 90' lang='lat' dir='ltr'>ea,</span> <span class='ocrx_word' id='word_1_55' title='bbox 1662 1286 1826 1347; x_wconf 88' lang='lat' dir='ltr'>quae</span> <span class='ocrx_word' id='word_1_56' title='bbox 1869 1265 1948 1329; x_wconf 94' lang='lat' dir='ltr'>de</span> <span class='ocrx_word' id='word_1_57' title='bbox 1981 1287 2178 1349; x_wconf 92' lang='lat' dir='ltr'>supra</span> <span class='ocrx_word' id='word_1_58' title='bbox 2220 1267 2589 1331; x_wconf 90' lang='lat' dir='ltr'>memoratis</span> <span class='ocrx_word' id='word_1_59' title='bbox 2634 1265 2853 1330; x_wconf 91' lang='lat' dir='ltr'>haere-</span> 
     </span>
     <span class='ocr_line' id='line_1_8' title="bbox 603 1371 2854 1453; baseline -0 -15"><span class='ocrx_word' id='word_1_60' title='bbox 603 1374 778 1439; x_wconf 84' lang='lat' dir='ltr'>sibus</span> <span class='ocrx_word' id='word_1_61' title='bbox 825 1373 926 1438; x_wconf 86' lang='lat' dir='ltr'>vel</span> <span class='ocrx_word' id='word_1_62' title='bbox 972 1373 1051 1437; x_wconf 89' lang='lat' dir='ltr'>de</span> <span class='ocrx_word' id='word_1_63' title='bbox 1114 1372 1431 1437; x_wconf 90' lang='lat' dir='ltr'>catholica</span> <span class='ocrx_word' id='word_1_64' title='bbox 1476 1371 1601 1436; x_wconf 93' lang='lat' dir='ltr'>fide</span> <span class='ocrx_word' id='word_1_65' title='bbox 1647 1372 1930 1437; x_wconf 85' lang='lat' dir='ltr'>breviter</span> <span class='ocrx_word' id='word_1_66' title='bbox 1991 1372 2166 1437; x_wconf 93' lang='lat' dir='ltr'>dicta</span> <span class='ocrx_word' id='word_1_67' title='bbox 2211 1378 2387 1453; x_wconf 92' lang='lat' dir='ltr'>sunt,</span> <span class='ocrx_word' id='word_1_68' title='bbox 2447 1372 2854 1438; x_wconf 89' lang='lat' dir='ltr'>renovandae</span> 
     </span>
     <span class='ocr_line' id='line_1_9' title="bbox 605 1480 2857 1565; baseline -0 -19"><span class='ocrx_word' id='word_1_69' title='bbox 605 1502 800 1550; x_wconf 86' lang='lat' dir='ltr'>causa</span> <span class='ocrx_word' id='word_1_70' title='bbox 845 1480 1195 1546; x_wconf 82' lang='lat' dir='ltr'>memoriae</span> <span class='ocrx_word' id='word_1_71' title='bbox 1241 1480 1496 1544; x_wconf 89' lang='lat' dir='ltr'>brevius</span> <span class='ocrx_word' id='word_1_72' title='bbox 1544 1481 1962 1563; x_wconf 79' lang='lat' dir='ltr'>strictiusque</span> <span class='ocrx_word' id='word_1_73' title='bbox 2008 1487 2397 1564; x_wconf 80' lang='lat' dir='ltr'>repetamus,</span> <span class='ocrx_word' id='word_1_74' title='bbox 2449 1504 2577 1565; x_wconf 89' lang='lat' dir='ltr'>quo</span> <span class='ocrx_word' id='word_1_75' title='bbox 2612 1482 2857 1548; x_wconf 92' lang='lat' dir='ltr'>scilicet</span> 
     </span>
     <span class='ocr_line' id='line_1_10' title="bbox 606 1586 2853 1670; baseline 0 -18"><span class='ocrx_word' id='word_1_76' title='bbox 606 1595 672 1652; x_wconf 89' lang='lat' dir='ltr'>et</span> <span class='ocrx_word' id='word_1_77' title='bbox 716 1588 1156 1670; x_wconf 86' lang='lat' dir='ltr'>intelligantur</span> <span class='ocrx_word' id='word_1_78' title='bbox 1199 1587 1439 1652; x_wconf 90' lang='lat' dir='ltr'>iterata</span> <span class='ocrx_word' id='word_1_79' title='bbox 1468 1587 1721 1670; x_wconf 88' lang='lat' dir='ltr'>plenius</span> <span class='ocrx_word' id='word_1_80' title='bbox 1754 1592 1820 1653; x_wconf 93' lang='lat' dir='ltr'>et</span> <span class='ocrx_word' id='word_1_81' title='bbox 1847 1586 2093 1652; x_wconf 90' lang='lat' dir='ltr'>firmius</span> <span class='ocrx_word' id='word_1_82' title='bbox 2132 1589 2461 1654; x_wconf 89' lang='lat' dir='ltr'>inculcata</span> <span class='ocrx_word' id='word_1_83' title='bbox 2490 1594 2853 1654; x_wconf 87' lang='lat' dir='ltr'>teneantur.</span> 
     </span>
    </p>
   </div>
   <div class='ocr_carea' id='block_1_3' title="bbox 535 1682 2961 1778">
    <p class='ocr_par' dir='ltr' id='par_1_3' title="bbox 535 1682 2961 1778">
     <span class='ocr_line' id='line_1_11' title="bbox 535 1682 2961 1778; baseline 0.002 -22"><span class='ocrx_word' id='word_1_84' title='bbox 535 1717 588 1774; x_wconf 74' lang='lat'>19</span> <span class='ocrx_word' id='word_1_85' title='bbox 607 1695 979 1760; x_wconf 90' lang='lat' dir='ltr'>Anathema</span> <span class='ocrx_word' id='word_1_86' title='bbox 1023 1695 1222 1777; x_wconf 91' lang='lat' dir='ltr'>igitur</span> <span class='ocrx_word' id='word_1_87' title='bbox 1263 1693 1550 1759; x_wconf 92' lang='lat' dir='ltr'>Photino</span> <span class='ocrx_word' id='word_1_88' title='bbox 1607 1715 1741 1759; x_wconf 92' lang='lat' dir='ltr'>non</span> <span class='ocrx_word' id='word_1_89' title='bbox 1785 1695 2120 1778; x_wconf 84' lang='lat' dir='ltr'>recipienti</span> <span class='ocrx_word' id='word_1_90' title='bbox 2164 1696 2634 1778; x_wconf 87' lang='lat' dir='ltr'>plenitudinem</span> <span class='ocrx_word' id='word_1_91' title='bbox 2678 1698 2857 1761; x_wconf 90' lang='lat' dir='ltr'>trini·</span> <span class='ocrx_word' id='word_1_92' title='bbox 2955 1682 2961 1690; x_wconf 45' lang='lat'>⁸</span> 
     </span>
    </p>
   </div>
   <div class='ocr_carea' id='block_1_4' title="bbox 534 1800 2866 4245">
    <p class='ocr_par' dir='ltr' id='par_1_4' title="bbox 534 1800 2866 4245">
     <span class='ocr_line' id='line_1_12' title="bbox 602 1800 2857 1888; baseline 0.001 -21"><span class='ocrx_word' id='word_1_93' title='bbox 602 1804 756 1868; x_wconf 90' lang='lat' dir='ltr'>tatis</span> <span class='ocrx_word' id='word_1_94' title='bbox 819 1809 886 1868; x_wconf 92' lang='lat' dir='ltr'>et</span> <span class='ocrx_word' id='word_1_95' title='bbox 932 1800 1262 1868; x_wconf 82' lang='lat' dir='ltr'>Christum</span> <span class='ocrx_word' id='word_1_96' title='bbox 1322 1803 1642 1867; x_wconf 91' lang='lat' dir='ltr'>hominem</span> <span class='ocrx_word' id='word_1_97' title='bbox 1700 1802 2153 1868; x_wconf 90' lang='lat' dir='ltr'>tantummodo</span> <span class='ocrx_word' id='word_1_98' title='bbox 2203 1802 2557 1868; x_wconf 90' lang='lat' dir='ltr'>solitarium</span> <span class='ocrx_word' id='word_1_99' title='bbox 2604 1805 2857 1888; x_wconf 90' lang='lat' dir='ltr'>praedi·</span> 
     </span>
     <span class='ocr_line' id='line_1_13' title="bbox 605 1895 2858 1993; baseline 0 -17"><span class='ocrx_word' id='word_1_100' title='bbox 605 1912 797 1977; x_wconf 88' lang='lat' dir='ltr'>canti.</span> <span class='ocrx_word' id='word_1_101' title='bbox 893 1910 1270 1975; x_wconf 86' lang='lat' dir='ltr'>Anathema</span> <span class='ocrx_word' id='word_1_102' title='bbox 1300 1895 1672 1993; x_wconf 79' lang='lat' dir='ltr'>Apollinari</span> <span class='ocrx_word' id='word_1_103' title='bbox 1716 1910 2040 1974; x_wconf 88' lang='lat' dir='ltr'>adserenti</span> <span class='ocrx_word' id='word_1_104' title='bbox 2084 1911 2152 1974; x_wconf 91' lang='lat' dir='ltr'>in</span> <span class='ocrx_word' id='word_1_105' title='bbox 2198 1909 2459 1977; x_wconf 90' lang='lat' dir='ltr'>Christo</span> <span class='ocrx_word' id='word_1_106' title='bbox 2510 1934 2858 1977; x_wconf 87' lang='lat' dir='ltr'>conversae</span> 
     </span>
     <span class='ocr_line' id='line_1_14' title="bbox 606 2019 2858 2102; baseline 0 -19"><span class='ocrx_word' id='word_1_107' title='bbox 606 2020 955 2084; x_wconf 86' lang='lat' dir='ltr'>divinitatis</span> <span class='ocrx_word' id='word_1_108' title='bbox 1016 2019 1493 2102; x_wconf 84' lang='lat' dir='ltr'>corruptionem</span> <span class='ocrx_word' id='word_1_109' title='bbox 1559 2024 1626 2083; x_wconf 92' lang='lat' dir='ltr'>et</span> <span class='ocrx_word' id='word_1_110' title='bbox 1686 2019 2003 2083; x_wconf 89' lang='lat' dir='ltr'>auferenti</span> <span class='ocrx_word' id='word_1_111' title='bbox 2061 2019 2390 2101; x_wconf 84' lang='lat' dir='ltr'>perfectae</span> <span class='ocrx_word' id='word_1_112' title='bbox 2436 2020 2858 2085; x_wconf 88' lang='lat' dir='ltr'>humanitatis</span> 
     </span>
     <span class='ocr_line' id='line_1_15' title="bbox 604 2124 2859 2211; baseline 0 -19"><span class='ocrx_word' id='word_1_113' title='bbox 604 2127 1087 2211; x_wconf 89' lang='lat' dir='ltr'>proprietatem.</span> <span class='ocrx_word' id='word_1_114' title='bbox 1166 2125 1543 2191; x_wconf 86' lang='lat' dir='ltr'>Anathema</span> <span class='ocrx_word' id='word_1_115' title='bbox 1582 2124 1895 2192; x_wconf 90' lang='lat' dir='ltr'>Nestorio</span> <span class='ocrx_word' id='word_1_116' title='bbox 1942 2127 2205 2209; x_wconf 85' lang='lat' dir='ltr'>neganti</span> <span class='ocrx_word' id='word_1_117' title='bbox 2253 2149 2332 2192; x_wconf 87' lang='lat' dir='ltr'>ex</span> <span class='ocrx_word' id='word_1_118' title='bbox 2378 2128 2621 2210; x_wconf 83' lang='lat' dir='ltr'>virgine</span> <span class='ocrx_word' id='word_1_119' title='bbox 2670 2128 2859 2194; x_wconf 92' lang='lat' dir='ltr'>deum</span> 
     </span>
     <span class='ocr_line' id='line_1_16' title="bbox 534 2231 2859 2319; baseline -0 -18"><span class='ocrx_word' id='word_1_120' title='bbox 534 2263 587 2302; x_wconf 86' lang='lat'>15</span> <span class='ocrx_word' id='word_1_121' title='bbox 606 2242 850 2318; x_wconf 90' lang='lat' dir='ltr'>natum,</span> <span class='ocrx_word' id='word_1_122' title='bbox 898 2234 1222 2299; x_wconf 86' lang='lat' dir='ltr'>adserenti</span> <span class='ocrx_word' id='word_1_123' title='bbox 1256 2234 1419 2297; x_wconf 90' lang='lat' dir='ltr'>duos</span> <span class='ocrx_word' id='word_1_124' title='bbox 1451 2231 1769 2315; x_wconf 82' lang='lat' dir='ltr'>Christos,</span> <span class='ocrx_word' id='word_1_125' title='bbox 1814 2240 1879 2298; x_wconf 90' lang='lat' dir='ltr'>et</span> <span class='ocrx_word' id='word_1_126' title='bbox 1910 2234 2176 2316; x_wconf 89' lang='lat' dir='ltr'>explosa</span> <span class='ocrx_word' id='word_1_127' title='bbox 2204 2235 2512 2298; x_wconf 87' lang='lat' dir='ltr'>trinitatis</span> <span class='ocrx_word' id='word_1_128' title='bbox 2544 2234 2674 2301; x_wconf 90' lang='lat' dir='ltr'>fide</span> <span class='ocrx_word' id='word_1_129' title='bbox 2706 2257 2859 2319; x_wconf 90' lang='lat' dir='ltr'>qua-</span> 
     </span>
     <span class='ocr_line' id='line_1_17' title="bbox 606 2333 2857 2424; baseline 0 -19"><span class='ocrx_word' id='word_1_130' title='bbox 606 2342 983 2407; x_wconf 89' lang='lat' dir='ltr'>ternitatem</span> <span class='ocrx_word' id='word_1_131' title='bbox 1026 2340 1210 2406; x_wconf 89' lang='lat' dir='ltr'>nobis</span> <span class='ocrx_word' id='word_1_132' title='bbox 1256 2333 1713 2404; x_wconf 84' lang='lat' dir='ltr'>introducenti.</span> <span class='ocrx_word' id='word_1_133' title='bbox 1783 2339 1999 2404; x_wconf 92' lang='lat' dir='ltr'>Beata</span> <span class='ocrx_word' id='word_1_134' title='bbox 2029 2362 2181 2405; x_wconf 85' lang='lat' dir='ltr'>vero</span> <span class='ocrx_word' id='word_1_135' title='bbox 2217 2341 2538 2406; x_wconf 88' lang='lat' dir='ltr'>catholica</span> <span class='ocrx_word' id='word_1_136' title='bbox 2569 2343 2857 2424; x_wconf 87' lang='lat' dir='ltr'>ecclesia,</span> 
     </span>
     <span class='ocr_line' id='line_1_18' title="bbox 610 2447 2861 2531; baseline 0.001 -19"><span class='ocrx_word' id='word_1_137' title='bbox 610 2470 775 2531; x_wconf 91' lang='lat' dir='ltr'>quae</span> <span class='ocrx_word' id='word_1_138' title='bbox 821 2469 1020 2511; x_wconf 93' lang='lat' dir='ltr'>unum</span> <span class='ocrx_word' id='word_1_139' title='bbox 1067 2447 1257 2511; x_wconf 90' lang='lat' dir='ltr'>deum</span> <span class='ocrx_word' id='word_1_140' title='bbox 1300 2448 1369 2510; x_wconf 93' lang='lat' dir='ltr'>in</span> <span class='ocrx_word' id='word_1_141' title='bbox 1414 2447 1724 2511; x_wconf 90' lang='lat' dir='ltr'>trinitatis</span> <span class='ocrx_word' id='word_1_142' title='bbox 1785 2447 2180 2530; x_wconf 90' lang='lat' dir='ltr'>plenitudine</span> <span class='ocrx_word' id='word_1_143' title='bbox 2229 2453 2294 2513; x_wconf 92' lang='lat' dir='ltr'>et</span> <span class='ocrx_word' id='word_1_144' title='bbox 2349 2448 2503 2512; x_wconf 91' lang='lat' dir='ltr'>item</span> <span class='ocrx_word' id='word_1_145' title='bbox 2549 2450 2861 2514; x_wconf 90' lang='lat' dir='ltr'>trinitatis</span> 
     </span>
     <span class='ocr_line' id='line_1_19' title="bbox 609 2554 2861 2639; baseline 0 -19"><span class='ocrx_word' id='word_1_146' title='bbox 609 2556 1070 2639; x_wconf 90' lang='lat' dir='ltr'>aequalitatem</span> <span class='ocrx_word' id='word_1_147' title='bbox 1114 2556 1181 2618; x_wconf 91' lang='lat' dir='ltr'>in</span> <span class='ocrx_word' id='word_1_148' title='bbox 1227 2576 1357 2618; x_wconf 92' lang='lat' dir='ltr'>una</span> <span class='ocrx_word' id='word_1_149' title='bbox 1403 2554 1727 2619; x_wconf 89' lang='lat' dir='ltr'>divinitate</span> <span class='ocrx_word' id='word_1_150' title='bbox 1774 2560 2137 2637; x_wconf 85' lang='lat' dir='ltr'>veneratur,</span> <span class='ocrx_word' id='word_1_151' title='bbox 2186 2560 2260 2619; x_wconf 94' lang='lat' dir='ltr'>ut</span> <span class='ocrx_word' id='word_1_152' title='bbox 2289 2577 2498 2637; x_wconf 91' lang='lat' dir='ltr'>neque</span> <span class='ocrx_word' id='word_1_153' title='bbox 2530 2557 2861 2639; x_wconf 90' lang='lat' dir='ltr'>singulari-</span> 
     </span>
     <span class='ocr_line' id='line_1_20' title="bbox 608 2661 2861 2746; baseline 0.001 -20"><span class='ocrx_word' id='word_1_154' title='bbox 608 2669 712 2727; x_wconf 91' lang='lat' dir='ltr'>tas</span> <span class='ocrx_word' id='word_1_155' title='bbox 760 2663 1161 2728; x_wconf 89' lang='lat' dir='ltr'>substantiae</span> <span class='ocrx_word' id='word_1_156' title='bbox 1206 2683 1630 2745; x_wconf 87' lang='lat' dir='ltr'>personarum</span> <span class='ocrx_word' id='word_1_157' title='bbox 1691 2661 2047 2726; x_wconf 90' lang='lat' dir='ltr'>confundat</span> <span class='ocrx_word' id='word_1_158' title='bbox 2105 2663 2587 2746; x_wconf 87' lang='lat' dir='ltr'>proprietatem,</span> <span class='ocrx_word' id='word_1_159' title='bbox 2651 2684 2861 2746; x_wconf 89' lang='lat' dir='ltr'>neque</span> 
     </span>
     <span class='ocr_line' id='line_1_21' title="bbox 536 2770 2857 2853; baseline -0.002 -13"><span class='ocrx_word' id='word_1_160' title='bbox 536 2800 590 2840; x_wconf 81' lang='lat'>20</span> <span class='ocrx_word' id='word_1_161' title='bbox 609 2772 765 2836; x_wconf 91' lang='lat' dir='ltr'>item</span> <span class='ocrx_word' id='word_1_162' title='bbox 811 2771 1120 2835; x_wconf 87' lang='lat' dir='ltr'>trinitatis</span> <span class='ocrx_word' id='word_1_163' title='bbox 1170 2770 1496 2835; x_wconf 90' lang='lat' dir='ltr'>distinctio</span> <span class='ocrx_word' id='word_1_164' title='bbox 1555 2770 1870 2834; x_wconf 89' lang='lat' dir='ltr'>unitatem</span> <span class='ocrx_word' id='word_1_165' title='bbox 1933 2776 2192 2853; x_wconf 91' lang='lat' dir='ltr'>separet</span> <span class='ocrx_word' id='word_1_166' title='bbox 2254 2770 2534 2836; x_wconf 76' lang='lat' dir='ltr'>deitatis,</span> <span class='ocrx_word' id='word_1_167' title='bbox 2626 2770 2857 2851; x_wconf 90' lang='lat' dir='ltr'>Beata,</span> 
     </span>
     <span class='ocr_line' id='line_1_22' title="bbox 609 2874 2860 2961; baseline 0 -20"><span class='ocrx_word' id='word_1_168' title='bbox 609 2880 901 2961; x_wconf 88' lang='lat' dir='ltr'>inquam,</span> <span class='ocrx_word' id='word_1_169' title='bbox 965 2877 1262 2960; x_wconf 88' lang='lat' dir='ltr'>ecclesia,</span> <span class='ocrx_word' id='word_1_170' title='bbox 1324 2898 1489 2960; x_wconf 88' lang='lat' dir='ltr'>quae</span> <span class='ocrx_word' id='word_1_171' title='bbox 1535 2877 1601 2941; x_wconf 93' lang='lat' dir='ltr'>in</span> <span class='ocrx_word' id='word_1_172' title='bbox 1649 2874 1907 2941; x_wconf 90' lang='lat' dir='ltr'>Christo</span> <span class='ocrx_word' id='word_1_173' title='bbox 1959 2877 2121 2942; x_wconf 91' lang='lat' dir='ltr'>duas</span> <span class='ocrx_word' id='word_1_174' title='bbox 2168 2898 2351 2942; x_wconf 84' lang='lat' dir='ltr'>veras</span> <span class='ocrx_word' id='word_1_175' title='bbox 2412 2877 2860 2961; x_wconf 88' lang='lat' dir='ltr'>perfectasque</span> 
     </span>
     <span class='ocr_line' id='line_1_23' title="bbox 611 2982 2861 3068; baseline 0 -19"><span class='ocrx_word' id='word_1_176' title='bbox 611 2985 1003 3049; x_wconf 89' lang='lat' dir='ltr'>substantias</span> <span class='ocrx_word' id='word_1_177' title='bbox 1050 2984 1165 3050; x_wconf 92' lang='lat' dir='ltr'>sed</span> <span class='ocrx_word' id='word_1_178' title='bbox 1211 3006 1401 3048; x_wconf 93' lang='lat' dir='ltr'>unam</span> <span class='ocrx_word' id='word_1_179' title='bbox 1434 2982 1673 3050; x_wconf 82' lang='lat' dir='ltr'>Christi</span> <span class='ocrx_word' id='word_1_180' title='bbox 1714 2984 1918 3049; x_wconf 91' lang='lat' dir='ltr'>credit</span> <span class='ocrx_word' id='word_1_181' title='bbox 1967 3006 2106 3050; x_wconf 88' lang='lat' dir='ltr'>esse</span> <span class='ocrx_word' id='word_1_182' title='bbox 2137 3006 2497 3067; x_wconf 88' lang='lat' dir='ltr'>personam,</span> <span class='ocrx_word' id='word_1_183' title='bbox 2546 2991 2621 3049; x_wconf 92' lang='lat' dir='ltr'>ut</span> <span class='ocrx_word' id='word_1_184' title='bbox 2652 3006 2861 3068; x_wconf 90' lang='lat' dir='ltr'>neque</span> 
     </span>
     <span class='ocr_line' id='line_1_24' title="bbox 609 3091 2861 3175; baseline 0 -19"><span class='ocrx_word' id='word_1_185' title='bbox 609 3097 987 3157; x_wconf 91' lang='lat' dir='ltr'>naturarum</span> <span class='ocrx_word' id='word_1_186' title='bbox 1035 3091 1362 3156; x_wconf 87' lang='lat' dir='ltr'>distinctio</span> <span class='ocrx_word' id='word_1_187' title='bbox 1413 3092 1731 3156; x_wconf 91' lang='lat' dir='ltr'>unitatem</span> <span class='ocrx_word' id='word_1_188' title='bbox 1774 3112 2090 3174; x_wconf 87' lang='lat' dir='ltr'>personae</span> <span class='ocrx_word' id='word_1_189' title='bbox 2140 3092 2402 3174; x_wconf 87' lang='lat' dir='ltr'>dividat,</span> <span class='ocrx_word' id='word_1_190' title='bbox 2452 3113 2659 3175; x_wconf 90' lang='lat' dir='ltr'>neque</span> <span class='ocrx_word' id='word_1_191' title='bbox 2705 3093 2861 3157; x_wconf 92' lang='lat' dir='ltr'>item</span> 
     </span>
     <span class='ocr_line' id='line_1_25' title="bbox 610 3198 2859 3283; baseline 0 -19"><span class='ocrx_word' id='word_1_192' title='bbox 610 3221 927 3283; x_wconf 90' lang='lat' dir='ltr'>personae</span> <span class='ocrx_word' id='word_1_193' title='bbox 959 3200 1170 3263; x_wconf 91' lang='lat' dir='ltr'>unitas</span> <span class='ocrx_word' id='word_1_194' title='bbox 1204 3198 1628 3264; x_wconf 86' lang='lat' dir='ltr'>differentiam</span> <span class='ocrx_word' id='word_1_195' title='bbox 1660 3199 2013 3263; x_wconf 90' lang='lat' dir='ltr'>confundat</span> <span class='ocrx_word' id='word_1_196' title='bbox 2044 3198 2570 3263; x_wconf 90' lang='lat' dir='ltr'>substantiarum.</span> <span class='ocrx_word' id='word_1_197' title='bbox 2624 3198 2859 3282; x_wconf 90' lang='lat' dir='ltr'>Beata,</span> 
     </span>
     <span class='ocr_line' id='line_1_26' title="bbox 538 3302 2862 3392; baseline -0.002 -17"><span class='ocrx_word' id='word_1_198' title='bbox 538 3334 591 3374; x_wconf 80' lang='lat'>25</span> <span class='ocrx_word' id='word_1_199' title='bbox 611 3308 892 3392; x_wconf 89' lang='lat' dir='ltr'>inquam,</span> <span class='ocrx_word' id='word_1_200' title='bbox 956 3306 1245 3387; x_wconf 90' lang='lat' dir='ltr'>ecclesia,</span> <span class='ocrx_word' id='word_1_201' title='bbox 1303 3327 1489 3388; x_wconf 89' lang='lat' dir='ltr'>quae,</span> <span class='ocrx_word' id='word_1_202' title='bbox 1554 3311 1629 3370; x_wconf 91' lang='lat' dir='ltr'>ut</span> <span class='ocrx_word' id='word_1_203' title='bbox 1674 3326 1874 3368; x_wconf 92' lang='lat' dir='ltr'>unum</span> <span class='ocrx_word' id='word_1_204' title='bbox 1934 3325 2187 3387; x_wconf 89' lang='lat' dir='ltr'>semper</span> <span class='ocrx_word' id='word_1_205' title='bbox 2232 3302 2561 3369; x_wconf 84' lang='lat' dir='ltr'>Christum</span> <span class='ocrx_word' id='word_1_206' title='bbox 2608 3312 2675 3370; x_wconf 94' lang='lat' dir='ltr'>et</span> <span class='ocrx_word' id='word_1_207' title='bbox 2722 3327 2862 3371; x_wconf 87' lang='lat' dir='ltr'>esse</span> 
     </span>
     <span class='ocr_line' id='line_1_27' title="bbox 613 3412 2865 3496; baseline -0 -18"><span class='ocrx_word' id='word_1_208' title='bbox 613 3421 677 3479; x_wconf 91' lang='lat' dir='ltr'>et</span> <span class='ocrx_word' id='word_1_209' title='bbox 720 3413 916 3480; x_wconf 86' lang='lat' dir='ltr'>fuisse</span> <span class='ocrx_word' id='word_1_210' title='bbox 960 3413 1260 3493; x_wconf 86' lang='lat' dir='ltr'>fateatur,</span> <span class='ocrx_word' id='word_1_211' title='bbox 1311 3414 1561 3476; x_wconf 91' lang='lat' dir='ltr'>unitum</span> <span class='ocrx_word' id='word_1_212' title='bbox 1606 3412 1930 3476; x_wconf 91' lang='lat' dir='ltr'>hominem</span> <span class='ocrx_word' id='word_1_213' title='bbox 1962 3412 2082 3476; x_wconf 92' lang='lat' dir='ltr'>deo</span> <span class='ocrx_word' id='word_1_214' title='bbox 2115 3433 2247 3477; x_wconf 91' lang='lat' dir='ltr'>non</span> <span class='ocrx_word' id='word_1_215' title='bbox 2277 3417 2427 3495; x_wconf 92' lang='lat' dir='ltr'>post</span> <span class='ocrx_word' id='word_1_216' title='bbox 2456 3418 2715 3496; x_wconf 90' lang='lat' dir='ltr'>partum</span> <span class='ocrx_word' id='word_1_217' title='bbox 2750 3412 2865 3478; x_wconf 90' lang='lat' dir='ltr'>sed</span> 
     </span>
     <span class='ocr_line' id='line_1_28' title="bbox 609 3518 2861 3603; baseline -0 -17"><span class='ocrx_word' id='word_1_218' title='bbox 609 3523 739 3586; x_wconf 90' lang='lat' dir='ltr'>iam</span> <span class='ocrx_word' id='word_1_219' title='bbox 781 3522 847 3585; x_wconf 93' lang='lat' dir='ltr'>in</span> <span class='ocrx_word' id='word_1_220' title='bbox 891 3522 1034 3603; x_wconf 89' lang='lat' dir='ltr'>ipso</span> <span class='ocrx_word' id='word_1_221' title='bbox 1068 3520 1289 3585; x_wconf 90' lang='lat' dir='ltr'>matris</span> <span class='ocrx_word' id='word_1_222' title='bbox 1321 3525 1508 3584; x_wconf 90' lang='lat' dir='ltr'>utero</span> <span class='ocrx_word' id='word_1_223' title='bbox 1542 3518 1905 3584; x_wconf 88' lang='lat' dir='ltr'>confitetur.</span> <span class='ocrx_word' id='word_1_224' title='bbox 1969 3518 2202 3601; x_wconf 92' lang='lat' dir='ltr'>Beata,</span> <span class='ocrx_word' id='word_1_225' title='bbox 2250 3520 2528 3602; x_wconf 89' lang='lat' dir='ltr'>inquam,</span> <span class='ocrx_word' id='word_1_226' title='bbox 2565 3519 2861 3601; x_wconf 87' lang='lat' dir='ltr'>ecclesia,</span> 
     </span>
     <span class='ocr_line' id='line_1_29' title="bbox 613 3627 2866 3711; baseline -0.001 -18"><span class='ocrx_word' id='word_1_227' title='bbox 613 3650 779 3711; x_wconf 90' lang='lat' dir='ltr'>quae</span> <span class='ocrx_word' id='word_1_228' title='bbox 828 3629 1017 3693; x_wconf 92' lang='lat' dir='ltr'>deum</span> <span class='ocrx_word' id='word_1_229' title='bbox 1076 3628 1321 3693; x_wconf 86' lang='lat' dir='ltr'>factum</span> <span class='ocrx_word' id='word_1_230' title='bbox 1380 3627 1707 3693; x_wconf 91' lang='lat' dir='ltr'>hominem</span> <span class='ocrx_word' id='word_1_231' title='bbox 1760 3648 1892 3708; x_wconf 90' lang='lat' dir='ltr'>non</span> <span class='ocrx_word' id='word_1_232' title='bbox 1953 3628 2368 3691; x_wconf 86' lang='lat' dir='ltr'>conversione</span> <span class='ocrx_word' id='word_1_233' title='bbox 2425 3632 2697 3691; x_wconf 90' lang='lat' dir='ltr'>naturae</span> <span class='ocrx_word' id='word_1_234' title='bbox 2749 3627 2866 3692; x_wconf 91' lang='lat' dir='ltr'>sed</span> 
     </span>
     <span class='ocr_line' id='line_1_30' title="bbox 612 3733 2860 3819; baseline -0.001 -19"><span class='ocrx_word' id='word_1_235' title='bbox 612 3757 929 3819; x_wconf 90' lang='lat' dir='ltr'>personae</span> <span class='ocrx_word' id='word_1_236' title='bbox 975 3736 1226 3801; x_wconf 89' lang='lat' dir='ltr'>ratione</span> <span class='ocrx_word' id='word_1_237' title='bbox 1271 3734 1589 3817; x_wconf 89' lang='lat' dir='ltr'>intelligit,</span> <span class='ocrx_word' id='word_1_238' title='bbox 1635 3755 1953 3817; x_wconf 89' lang='lat' dir='ltr'>personae</span> <span class='ocrx_word' id='word_1_239' title='bbox 2001 3739 2220 3798; x_wconf 92' lang='lat' dir='ltr'>autem</span> <span class='ocrx_word' id='word_1_240' title='bbox 2250 3755 2384 3800; x_wconf 92' lang='lat' dir='ltr'>non</span> <span class='ocrx_word' id='word_1_241' title='bbox 2417 3733 2860 3799; x_wconf 87' lang='lat' dir='ltr'>simulatoriae</span> 
     </span>
     <span class='ocr_line' id='line_1_31' title="bbox 542 3839 2864 3924; baseline -0.002 -17"><span class='ocrx_word' id='word_1_242' title='bbox 542 3849 680 3907; x_wconf 80' lang='lat' dir='ltr'>soet</span> <span class='ocrx_word' id='word_1_243' title='bbox 726 3843 1117 3907; x_wconf 90' lang='lat' dir='ltr'>transeuntis</span> <span class='ocrx_word' id='word_1_244' title='bbox 1164 3842 1279 3907; x_wconf 92' lang='lat' dir='ltr'>sed</span> <span class='ocrx_word' id='word_1_245' title='bbox 1324 3841 1763 3906; x_wconf 84' lang='lat' dir='ltr'>substantivae</span> <span class='ocrx_word' id='word_1_246' title='bbox 1810 3862 1887 3906; x_wconf 91' lang='lat' dir='ltr'>ac</span> <span class='ocrx_word' id='word_1_247' title='bbox 1932 3841 2382 3924; x_wconf 91' lang='lat' dir='ltr'>permanentis.</span> <span class='ocrx_word' id='word_1_248' title='bbox 2477 3839 2707 3920; x_wconf 91' lang='lat' dir='ltr'>Beata,</span> <span class='ocrx_word' id='word_1_249' title='bbox 2770 3841 2864 3904; x_wconf 91' lang='lat' dir='ltr'>in-</span> 
     </span>
     <span class='ocr_line' id='line_1_32' title="bbox 615 3947 2866 4034; baseline -0.002 -20"><span class='ocrx_word' id='word_1_250' title='bbox 615 3972 828 4034; x_wconf 91' lang='lat' dir='ltr'>quam,</span> <span class='ocrx_word' id='word_1_251' title='bbox 891 3949 1180 4029; x_wconf 90' lang='lat' dir='ltr'>ecclesia,</span> <span class='ocrx_word' id='word_1_252' title='bbox 1245 3969 1412 4031; x_wconf 88' lang='lat' dir='ltr'>quae</span> <span class='ocrx_word' id='word_1_253' title='bbox 1469 3948 1634 4013; x_wconf 91' lang='lat' dir='ltr'>hanc</span> <span class='ocrx_word' id='word_1_254' title='bbox 1695 3970 2009 4031; x_wconf 90' lang='lat' dir='ltr'>personae</span> <span class='ocrx_word' id='word_1_255' title='bbox 2068 3948 2385 4012; x_wconf 90' lang='lat' dir='ltr'>unitatem</span> <span class='ocrx_word' id='word_1_256' title='bbox 2431 3952 2685 4012; x_wconf 88' lang='lat' dir='ltr'>tantam</span> <span class='ocrx_word' id='word_1_257' title='bbox 2736 3947 2866 4010; x_wconf 86' lang='lat' dir='ltr'>vim</span> 
     </span>
     <span class='ocr_line' id='line_1_33' title="bbox 613 4052 2863 4139; baseline -0.002 -18"><span class='ocrx_word' id='word_1_258' title='bbox 613 4057 851 4122; x_wconf 89' lang='lat' dir='ltr'>habere</span> <span class='ocrx_word' id='word_1_259' title='bbox 897 4056 1249 4138; x_wconf 89' lang='lat' dir='ltr'>praedicat,</span> <span class='ocrx_word' id='word_1_260' title='bbox 1297 4062 1373 4120; x_wconf 90' lang='lat' dir='ltr'>ut</span> <span class='ocrx_word' id='word_1_261' title='bbox 1416 4062 1697 4139; x_wconf 42' lang='lat' dir='ltr'>propter*</span> <span class='ocrx_word' id='word_1_262' title='bbox 1729 4078 1867 4121; x_wconf 92' lang='lat' dir='ltr'>eam</span> <span class='ocrx_word' id='word_1_263' title='bbox 1900 4056 2061 4120; x_wconf 92' lang='lat' dir='ltr'>miro</span> <span class='ocrx_word' id='word_1_264' title='bbox 2094 4052 2526 4137; x_wconf 86' lang='lat' dir='ltr'>ineffabilique</span> <span class='ocrx_word' id='word_1_265' title='bbox 2557 4055 2863 4137; x_wconf 79' lang='lat' dir='ltr'>mysterio</span> 
     </span>
     <span class='ocr_line' id='line_1_34' title="bbox 617 4161 2864 4245; baseline -0.002 -17"><span class='ocrx_word' id='word_1_266' title='bbox 617 4169 682 4228; x_wconf 92' lang='lat' dir='ltr'>et</span> <span class='ocrx_word' id='word_1_267' title='bbox 740 4163 949 4234; x_wconf 85' lang='lat' dir='ltr'>divina</span> <span class='ocrx_word' id='word_1_268' title='bbox 1007 4162 1250 4229; x_wconf 86' lang='lat' dir='ltr'>homini</span> <span class='ocrx_word' id='word_1_269' title='bbox 1312 4169 1379 4228; x_wconf 91' lang='lat' dir='ltr'>et</span> <span class='ocrx_word' id='word_1_270' title='bbox 1441 4163 1562 4227; x_wconf 90' lang='lat' dir='ltr'>deo</span> <span class='ocrx_word' id='word_1_271' title='bbox 1625 4163 1957 4228; x_wconf 89' lang='lat' dir='ltr'>adscribat</span> <span class='ocrx_word' id='word_1_272' title='bbox 2014 4161 2335 4243; x_wconf 81' lang='lat' dir='ltr'>humana3</span> <span class='ocrx_word' id='word_1_273' title='bbox 2402 4183 2551 4226; x_wconf 90' lang='lat' dir='ltr'>nam</span> <span class='ocrx_word' id='word_1_274' title='bbox 2597 4165 2864 4245; x_wconf 90' lang='lat' dir='ltr'>propter</span> 
     </span>
    </p>
   </div>
  </div>
 </body>
</html>
