3292 5109
647 1417 1067 1516 INCIPIT
1134 1416 1344 1515 TRA
1359 1414 1789 1514 OTATUS
1856 1412 2457 1513 PEREGRINI

422 1598 579 1655 PRO
610 1596 1110 1654 OATHOLIGAE
1137 1596 1354 1651 FIDEI
1388 1593 1928 1665 ANTIQUITATE
1964 1594 2063 1649 ΕΤ
2089 1591 2673 1649 UNIVERSITATE

601 1685 1014 1743 ADVERSUS
1050 1683 1368 1740 PROFAN
1370 1683 1467 1738 AS
1506 1683 1830 1738 OMNIUM
1864 1681 2497 1738 HAERETICORUM

1321 1771 1782 1829 NOVITA'I'ES.

600 1953 659 2017 Ι.
746 1951 1023 2015 Dicente
1093 1951 1414 2033 scriptura
1482 1956 1548 2014 et
1614 1955 1952 2014 monente:
2023 1956 2369 2030 interroga
2432 1958 2673 2040 patres

427 2071 609 2140 tuos,
679 2053 749 2124 εἰ
803 2062 1033 2124 dicent
1085 2062 1242 2139 tibi,
1288 2065 1593 2123 seniore-5
1646 2067 1821 2138 tuos,
1877 2066 1949 2121 et
1999 2059 2489 2121 adnuntiabunt
2528 2059 2674 2138 tibi,

428 2173 493 2231 et
538 2167 729 2230 item:
798 2169 1018 2230 verbi-s·
1077 2172 1483 2248 sapientium
1546 2166 1980 2229 adcommoda
2038 2173 2221 2228 tuam
2280 2184 2541 2245 aurem,
2607 2168 2673 2228 et

423 2274 617 2337 item:
675 2278 786 2354 filz'
840 2280 966 2354 mi,
1025 2276 1148 2338 llos
1202 2292 1549 2337 sermones
1597 2292 1682 2336 ne
1729 2274 2180 2352 obliviscarz'S,
2247 2291 2396 2334 mea
2452 2279 2672 2334 antem

429 2384 630 2445 verba
685 2385 1026 2446 custodiat
1077 2401 1194 2445 cor
1240 2390 1455 2460 tuum,
1522 2379 1778 2443 videtur
1839 2378 1994 2442 mihi
2060 2378 2319 2442 minimo
2392 2378 2718 2442 omniumr,

427 2508 758 2552 servorum
815 2488 919 2553 dei
963 2487 1345 2570 PeregrinO,
1414 2487 1591 2569 quod
1654 2507 1759 2551 res
1821 2507 1955 2551 non
2019 2485 2315 2549 minimae
2377 2485 2679 2571 utilitatis*

429 2593 688 2659 domino
738 2594 1079 2658 adiuvante
1126 2594 1347 2658 futura
1392 2596 1505 2676 sit,
1564 2594 1618 2657 si
1666 2614 1770 2675 ea,
1822 2614 1985 2676 quae
2032 2591 2305 2657 fideliter
2350 2614 2390 2657 a
2437 2592 2675 2657 sanctis

428 2700 720 2783 patribus
754 2701 995 2782 accepi,
1042 2700 1244 2765 literis
1292 2699 1854 2782 eomprehendam,
1903 2697 2261 2764 infirmitati
2307 2704 2483 2763 certe
2528 2721 2677 2782 pro-

426 2808 604 2891 priae
637 2807 1137 2890 pernecessaria,
1189 2807 1424 2889 quippe
1472 2827 1619 2869 oum
1665 2806 1836 2873 adsit
1880 2806 1945 2869 in
1985 2810 2311 2888 promptu,
2360 2805 2531 2870 unde
2561 2806 2676 2869 im-

427 2914 743 2979 becillitas
802 2914 1150 2978 memoriae
1210 2934 1393 2977 meae
1451 2912 1725 2977 adsidua
1777 2912 2053 2977 lectione
2108 2920 2466 2995 reparetur.
2559 2912 2673 2977 Ad
2695 2937 2750 2976 ιο

431 3021 608 3103 quod
654 3042 757 3085 me
803 3020 1132 3103 negotium
1177 3041 1311 3084 non
1359 3019 1565 3083 solum
1610 3017 1861 3084 fruetus
1904 3020 2115 3102 operis
2158 3019 2271 3084 sed
2305 3021 2495 3084 etiam
2529 3040 2673 3084 con-

430 3127 734 3194 sideratio
767 3128 1078 3209 temporis
1105 3132 1169 3192 et
1195 3123 1643 3209 opportunitas
1674 3126 1803 3191 loci
1833 3126 2234 3191 adhortatur.
2285 3127 2376 3190 Et
2400 3132 2677 3208 tempu8‚

431 3240 778 3317 propterea
826 3234 1019 3316 quod,
1070 3255 1214 3297 eum
1261 3233 1343 3298 ab
1391 3254 1466 3297 eo
1501 3233 1715 3298 omnia
1744 3233 2025 3297 humana
2054 3233 2413 3316 rapiantur,
2462 3238 2528 3297 et
2558 3253 2679 3297 nos

433 3362 510 3405 ex
558 3363 633 3406 eo
681 3341 922 3423 aliquid
952 3341 1013 3405 in
1047 3341 1316 3405 invicem
1345 3361 1573 3423 rapere
1606 3338 1931 3421 debemus,
1981 3340 2154 3422 quod
2198 3340 2264 3403 in
2297 3340 2492 3404 vitam
2535 3360 2679 3422 pro-

432 3447 605 3512 ficiat
663 3453 1026 3532 aeternamt,
1092 3448 1476 3530 praesertim
1534 3469 1681 3512 oum
1738 3453 1805 3512 et
1859 3447 2434 3531 adpropinquantis
2482 3447 2676 3512 divini
2696 3469 2748 3509 ιε

430 3554 648 3618 iudicii
691 3554 990 3619 terribilis
1038 3555 1351 3637 quaedam
1407 3554 1772 3637 expectatio
1819 3554 2042 3637 augeri
2096 3553 2410 3637 efflagitet
2464 3554 2678 3619 studia

431 3661 774 3743 religioniS‚
810 3667 877 3725 et
904 3682 1215 3726 novorum
1245 3661 1715 3725 haereticorum
1738 3659 2165 3725 fraudulentia
2188 3662 2459 3725 multum
2486 3682 2676 3741 curae

435 3771 500 3831 et
546 3767 937 3833 adtentionis
983 3767 1244 3832 indicat.
1321 3765 1540 3831 Locus
1579 3772 1817 3849 autem,
1866 3767 2041 3850 quod
2087 3767 2338 3832 urbium
2382 3766 2676 3850 frequen-

434 3873 590 3938 tiam
637 3873 987 3956 turbasque
1032 3875 1307 3937 vitantes
1355 3873 1717 3938 remotioris
1765 3874 2014 3939 villulae
2057 3880 2123 3939 et
2153 3874 2217 3939 in
2251 3896 2326 3939 ea
2356 3878 2676 3938 secretum

435 3981 812 4046 monasterii
841 3981 1194 4046 incolamus
1223 3980 1682 4064 habitaculum,
1729 3981 1839 4045 ubi
1870 3981 2114 4063 absque
2146 4002 2380 4065 magna
2411 3981 2673 4045 distrao·
2694 4003 2749 4042 20

616 4160 645 4212 1
685 4159 849 4213 Deut.
886 4160 972 4226 32,
1011 4162 1061 4212 7.
1277 4162 1311 4212 3
1350 4157 1515 4214 Prov.
1555 4161 1641 4226 22,
1684 4160 1768 4213 17.
1982 4162 2020 4213 4
2056 4158 2222 4214 Prov.
2260 4161 2311 4228 3,
2352 4160 2401 4212 1.

543 4253 750 4299 Vincenz
777 4265 872 4300 von
899 4254 1139 4299 Lerinum.
1824 4315 1831 4324 Ι
2252 4267 2281 4319 1
