3292 5109
1285 559 1497 614 xxm
1533 557 1861 631 (29)-(31).
2611 563 2696 625 35

448 726 514 786 et
560 721 868 786 universis
914 720 1201 804 partium
1231 742 1493 785 suarum
1524 720 1842 785 mensuris
1874 720 2253 803 cunctisque
2287 720 2473 803 quasi
2504 742 2698 786 mem-

446 828 578 894 bris
624 849 702 892 ac
748 827 1040 893 sensibus
1086 828 1367 911 propriis
1412 827 1675 911 plenum
1722 833 1919 910 atque
1964 827 2324 909 perfectum
2370 829 2476 909 sit,
2526 827 2701 911 quod

446 934 603 1000 nihil
634 941 974 1019 praeterea
1004 935 1500 1017 permutationis
1532 933 1861 1017 admittat,
1908 934 2089 999 nulla
2117 935 2536 1018 proprietatis
2573 934 2699 999 dis·

446 1041 701 1125 pendia,
751 1041 989 1106 nullam
1040 1039 1428 1107 definitionis
1475 1041 1796 1106 sustineat
1840 1042 2241 1106 varietatem.

625 1150 764 1234 (30)
810 1148 1111 1232 Exempli
1156 1148 1396 1231 gratia:
1446 1153 1749 1213 severunt
1779 1148 2057 1214 maiores
2097 1148 2306 1214 nostri
2336 1147 2744 1230 antiquitus5

444 1257 514 1321 in
557 1256 680 1321 hac
727 1256 1162 1321 ecclesiastica
1217 1259 1433 1337 segete
1489 1254 1785 1319 triticeae
1842 1253 1996 1319 fidei
2041 1256 2302 1320 semina.
2394 1254 2701 1337 Iniquum

445 1363 634 1429 valde
704 1368 771 1428 et
838 1363 1261 1444 incongruum
1333 1367 1464 1444 est,
1525 1366 1596 1424 ut
1664 1382 1785 1426 nos
1834 1382 2060 1427 eorum
2102 1360 2350 1444 posteri
2394 1381 2513 1444 pro
2561 1381 2700 1443 ger-

445 1492 638 1536 mana
705 1470 976 1535 veritate
1045 1467 1350 1534 frumenti
1417 1467 1814 1533 subditivum
1866 1467 2143 1533 zizaniae
2189 1468 2478 1550 legamus
2527 1488 2701 1531 erro-

446 1600 604 1645 rem.
700 1576 874 1660 Quin
940 1578 1159 1661 potius
1228 1576 1354 1641 hoc
1422 1581 1676 1640 rectum
1747 1585 1812 1641 et
1859 1595 2262 1657 consequens
2318 1579 2438 1657 est,
2486 1579 2561 1639 ut
2618 1612 2699 1622 -

446 1685 666 1770 primis
715 1692 913 1768 atque
962 1685 1261 1750 extremis
1311 1684 1566 1749 sibimet
1613 1703 1746 1747 non
1795 1681 2305 1762 discrepantibus
2356 1718 2439 1728 -
2488 1681 2567 1745 de
2606 1681 2699 1745 in-
2721 1703 2771 1743 10

444 1792 791 1858 crementis
860 1792 1156 1857 triticeae
1232 1790 1658 1855 institutionis
1735 1789 1974 1854 triticei
2051 1810 2309 1871 quoque
2380 1788 2701 1871 dogmatis

444 1898 701 1981 frugem
749 1897 1167 1981 demetamuS,
1214 1902 1308 1976 ut,
1358 1918 1507 1961 cum
1553 1895 1796 1978 aliquid
1828 1916 1909 1960 ex
1936 1896 2058 1959 illis
2090 1895 2403 1960 seminum
2429 1896 2701 1977 primor-

451 2005 571 2070 diis
617 2025 883 2069 accessu
925 2004 1234 2087 temporis
1283 2003 1632 2085 evolvatur,
1684 2009 1750 2069 et
1795 2024 1967 2067 nunc
2013 2002 2293 2067 laetetur
2338 2009 2406 2067 et
2451 2002 2700 2068 excola-

451 2117 585 2194 tur,
657 2110 814 2174 nihil
872 2116 1092 2175 tamen
1138 2111 1218 2175 de
1267 2111 1568 2194 germinis
1614 2110 2015 2194 proprietate
2060 2115 2375 2174 mutetur:
2424 2109 2703 2174 addatur

448 2218 601 2283 licet
648 2217 896 2300 species
950 2218 1158 2282 forma
1205 2218 1561 2300 distinctiO,
1608 2218 1837 2283 eadem
1882 2222 2100 2281 tamen
2148 2217 2456 2300 cuiusque
2516 2237 2699 2299 gene·
2720 2242 2771 2281 15

448 2326 536 2389 ris
582 2330 817 2390 natura
861 2330 1256 2408 permaneat.
1348 2323 1549 2390 Absit
1596 2325 1853 2407 etenim,
1904 2330 1978 2389 ut
2022 2346 2216 2391 rosea
2258 2323 2369 2388 illa
2399 2323 2702 2388 catholici

449 2453 674 2497 sensus
742 2430 1068 2515 plantaria
1134 2432 1204 2495 in
1273 2431 1551 2496 carduos
1622 2433 1971 2516 spinasque
2032 2436 2387 2498 vertantur.
2480 2429 2698 2512 Absit,

447 2541 743 2623 inquam,
815 2545 888 2603 ut
938 2540 1009 2603 in
1051 2540 1178 2605 isto
1229 2540 1499 2622 spiritali
1544 2539 1850 2623 paradiso
1899 2539 1979 2604 de
2026 2538 2410 2603 cinnamomi
2456 2543 2522 2603 et
2567 2537 2697 2603 bal·

448 2647 611 2712 sami
641 2646 916 2710 surculis
947 2646 1167 2711 lolium
1197 2652 1468 2730 repente
1500 2652 1699 2730 atque
1731 2647 1992 2712 aconita
2019 2647 2418 2730 proveniant.
2480 2643 2700 2728 Quod-

453 2775 723 2837 cumque
792 2753 992 2836 igitur
1035 2754 1104 2818 in
1149 2754 1271 2818 hac
1319 2753 1628 2819 ecclesiae
1678 2754 1781 2818 dei
1827 2752 2224 2836 agricultura
2267 2752 2395 2817 fide
2441 2757 2701 2834 patrum
2718 2775 2772 2814 πο

449 2866 664 2925 satum
711 2865 840 2942 est,
910 2860 1034 2924 hoc
1099 2860 1268 2924 idem
1329 2858 1606 2926 filiorum
1652 2861 1973 2926 industria
2019 2860 2207 2925 decet
2253 2859 2589 2924 excolatur
2634 2864 2700 2923 et

451 2967 858 3049 observetur,
906 2968 1033 3032 hoc
1077 2967 1250 3032 idem
1295 2966 1529 3033 floreat
1576 2974 1644 3033 et
1687 2972 2112 3049 maturescat,
2169 2966 2295 3032 hoc
2338 2965 2510 3030 idem
2553 2986 2699 3049 pro-

446 3074 620 3139 ficiat
667 3080 735 3138 et
780 3073 1172 3157 perficiatur.
1264 3074 1397 3139 Fas
1446 3079 1548 3138 est
1594 3074 1850 3156 etenim,
1898 3080 1972 3138 ut
2015 3075 2234 3156 prisca
2264 3072 2373 3137 illa
2403 3071 2699 3137 caelestis

408 3174 889 3264 ‘philosophiae
936 3180 1243 3263 dogmata
1287 3202 1599 3263 processu
1664 3181 1975 3265 temporis
2035 3185 2423 3245 excurentur
2476 3178 2696 3242 limen·

447 3293 554 3352 tur
621 3287 979 3372 poliantur,
1048 3288 1164 3353 sed
1229 3288 1412 3353 nefas
1470 3293 1598 3370 est,
1670 3294 1745 3354 ut
1791 3293 2297 3371 commutentur,
2354 3285 2536 3351 nefas
2558 3336 2574 3369 ,
2622 3290 2697 3349 ut
2715 3310 2767 3351 25

449 3395 946 3477 detruncentur,
1016 3400 1091 3458 ut
1157 3396 1554 3461 mutilentur.
1669 3394 2019 3478 Accipiant
2094 3395 2246 3458 licet
2314 3393 2697 3459 evidentiam

446 3501 654 3566 lucem
700 3501 1202 3585 distinctionem,
1250 3503 1366 3567 sed
1401 3503 1722 3569 retineant
1774 3521 2035 3567 necesse
2084 3506 2183 3566 est
2235 3498 2697 3583 plenitudinem

445 3607 882 3690 integritatem
927 3609 1415 3692 proprietatem.

626 3713 768 3800 (31)
825 3713 999 3780 Nam
1048 3716 1101 3779 si
1147 3716 1344 3782 semel
1390 3716 1673 3781 admissa
1727 3714 1924 3781 fuerit
1966 3714 2127 3779 haec
2172 3713 2406 3797 impiae
2450 3712 2695 3777 fraudis

442 3819 723 3903 licentia,
770 3820 1001 3886 horreo
1047 3822 1262 3888 dicere
1279 3873 1294 3904 ,
1345 3828 1662 3905 quantum
1708 3820 2144 3886 excindendae
2190 3826 2386 3903 atque
2434 3819 2693 3884 abolen·
2714 3844 2767 3884 so

446 3927 568 3991 dae
635 3927 960 4011 religionis
1036 3929 1392 4012 periculum
1469 3934 1928 4012 consequatur.
2051 3927 2383 3993 Abdicata
2459 3927 2695 3992 etenim

622 4162 655 4213 5
693 4159 760 4215 cf.
800 4159 904 4214 Mt.
947 4162 1032 4229 13,
1069 4163 1140 4215 24
1158 4179 1277 4230 sqq.
1514 4161 1581 4213 17
1620 4160 1690 4214 cf.
1730 4158 1870 4214 Gen.
1909 4160 1961 4228 3,
2003 4160 2085 4213 18.

2262 4262 2338 4318 3*
