3292 5109
1321 614 1524 670 XXXI
1561 614 1699 685 (42).
2544 617 2630 678 49

382 798 507 861 que
555 799 700 842 cum
744 779 918 845 lecta
964 784 1135 845 esset
1181 777 1390 844 sancti
1422 775 1728 860 Capreoli
1774 775 2059 860 episcopi
2089 773 2635 857 Carthaginiensis

384 885 676 969 epistula,
740 887 850 970 qui
913 886 1070 950 nihil
1129 884 1305 950 aliud
1367 883 1748 949 intendebat
1807 888 1875 947 et
1919 882 2327 967 precabatur,
2392 882 2518 946 nisi
2561 887 2637 945 ut

383 999 749 1076 expugnata
802 993 1091 1059 novitate
1157 992 1508 1075 antiquitas
1582 990 2065 1075 defenderetur,
2145 990 2237 1054 ita
2302 990 2637 1073 episcopus

383 1098 663 1184 Cyrillus
725 1101 1102 1184 prolocutus
1150 1106 1251 1164 est
1299 1104 1366 1165 et
1412 1097 1716 1179 definivit,
1768 1098 1942 1181 quod
1986 1097 2089 1161 hic
2138 1117 2394 1180 quoque
2438 1096 2637 1161 inter-

382 1228 628 1289 ponere
676 1229 810 1273 non
856 1208 939 1272 ab
986 1229 1056 1272 re
1102 1207 1372 1274 videtur.
1465 1206 1589 1270 Ait
1635 1206 1806 1271 enim
1862 1206 1929 1269 in
1976 1204 2101 1269 fine
2149 1209 2501 1287 gestorum:
2573 1213 2683 1267 etr>

385 1319 572 1397 llaec,
627 1315 856 1398 inquit,
920 1335 1087 1396 quae
1132 1320 1306 1379 lecta
1353 1323 1461 1378 est
1500 1317 1793 1396 epistula
1839 1316 2203 1378 venerandi
2249 1323 2314 1377 et
2358 1315 2635 1376 maltum

383 1427 693 1504 reliyiosi
741 1430 1036 1504 episcopi
1090 1423 1670 1502 Ca7·tlzayiniensi.s·
1717 1422 2050 1502 Capreoli‚
2088 1424 2255 1501 fidei
2296 1428 2636 1498 ‚aes-torum

388 1536 750 1611 inseretur,
816 1537 1006 1595 euius
1054 1538 1292 1611 aperta
1356 1534 1692 1592 sententia
1753 1537 1875 1592 est.
1984 1530 2129 1591 Vult
2172 1532 2414 1590 etenim
2461 1533 2640 1591 anti-

389 1657 556 1716 quae
608 1641 777 1718 fidei
822 1640 1139 1717 doymata
1194 1638 1598 1716 confirmari,
1655 1641 1911 1699 novitia
1967 1654 2122 1698 vero
2183 1643 2250 1697 et
2306 1638 2641 1716 superflue

388 1747 745 1808 adinventa
794 1755 863 1809 et
920 1750 1124 1826 impie
1179 1747 1576 1825 provulyata
1635 1744 1992 1824 reprobari
2054 1750 2252 1821 atque
2307 1743 2637 1804 damnari.
2662 1761 2713 1799 ιο

399 1852 638 1914 Omnes
686 1857 980 1932 episcopi
1027 1854 1612 1915 adclamaverunt:
1680 1851 1821 1912 Hae
1878 1854 2167 1912 omnium
2216 1868 2406 1912 voees
2462 1857 2642 1928 sunt,

393 1961 558 2021 lzaee
606 1977 835 2021 omne-s·
881 1959 1190 2036 dicimuS,
1235 1959 1357 2020 hoe
1388 1963 1678 2019 oninium
1712 1965 1931 2020 votam
1964 1966 2086 2020 est.
2165 1952 2347 2037 Quae
2378 1954 2644 2018 tandem

394 2062 678 2127 omnium
724 2083 911 2126 voces
958 2067 1154 2144 atque
1204 2062 1486 2126 omnium
1531 2067 1702 2141 vota,
1751 2063 1873 2126 nisi
1917 2067 2012 2143 ut,
2072 2061 2248 2145 quod
2293 2068 2436 2126 erat
2481 2062 2641 2126 anti-

391 2170 607 2253 quitus
653 2170 986 2252 traditum,
1047 2176 1393 2249 teneretur,
1454 2170 1630 2252 quod
1678 2170 2091 2235 adinventum
2142 2190 2364 2253 nuper,
2429 2168 2640 2254 explo-

394 2276 709 2343 deretur?
2663 2307 2712 2348 15

566 2384 733 2450 Post
763 2406 927 2467 quae
959 2382 1261 2449 admirati
1291 2406 1510 2449 sumus
1542 2393 1609 2452 et
1637 2385 2165 2469 praedicavimus,
2216 2390 2460 2468 quanta
2491 2406 2642 2450 con-

391 2492 517 2557 cilii
560 2493 728 2557 iHius
774 2491 970 2557 fuerit
1015 2493 1339 2558 humilitas
1388 2498 1455 2558 et
1501 2493 1835 2575 sanctitaS,
1883 2498 1957 2556 ut
1989 2498 2093 2557 tot
2131 2513 2398 2556 numero
2432 2513 2641 2556 sacer-

392 2599 601 2682 dotes,
633 2620 838 2682 paene
871 2621 950 2663 ex
980 2600 1224 2665 maiore
1256 2605 1442 2682 parte
1476 2599 1976 2682 metropolitani,
2011 2604 2235 2663 tantae
2268 2598 2642 2664 eruditionis

388 2710 741 2788 tantaeque
789 2705 1139 2787 doctrinae,
1186 2710 1262 2769 ut
1306 2727 1509 2789 prope
1558 2726 1780 2771 omnes
1811 2711 2081 2788 possent
2122 2705 2202 2769 de
2234 2704 2643 2787 dogmatibus
2748 2728 2753 2733 ·

393 2813 740 2896 disputare,
809 2813 1042 2894 quibus
1087 2818 1438 2895 propterea
1494 2813 1638 2897 ipsa
1697 2813 1764 2877 in
1821 2835 2021 2877 unum
2067 2812 2484 2894 congregatio
2533 2834 2642 2877 au·
2663 2840 2726 2879 zoi

393 2919 583 2984 dendi
630 2918 711 2984 ab
759 2940 829 2983 se
877 2919 1118 3002 aliquid
1167 2925 1234 2984 et
1281 2919 1605 2985 statuendi
1653 2919 1892 2984 addere
1938 2919 2266 2984 videretur
2319 2917 2651 2999 fiduciam„

392 3026 547 3089 nihil
593 3032 812 3091 tamen
857 3031 1190 3108 novarent,
1252 3026 1410 3090 nihil
1455 3031 1961 3110 praesumerent,
2019 3025 2178 3091 nihil
2224 3025 2345 3090 sibi
2388 3025 2657 3109 penitus.

393 3135 810 3217 adrogarent,
860 3135 974 3199 sed
1024 3135 1403 3200 omnimodis
1450 3140 1932 3217 praecaverent,
1980 3156 2062 3199 ne
2094 3133 2337 3217 aliquid
2366 3134 2658 3217 posteris.

393 3242 749 3324 traderent,
799 3242 977 3325 quod
1007 3242 1131 3325 ipsi
1163 3264 1204 3306 a
1233 3241 1524 3326 patribus
1553 3263 1689 3307 non
1719 3243 2142 3325 accepissent,
2177 3247 2245 3306 et
2274 3263 2406 3306 non
2440 3241 2645 3306 solum

391 3349 459 3411 in
504 3350 834 3431 praesenti
878 3371 1010 3413 rem
1058 3349 1223 3415 bene
1270 3349 1705 3432 disponerent,
1753 3371 1974 3415 verum
2008 3350 2200 3415 etiam
2230 3354 2384 3433 post
2413 3348 2645 3413 futuris
2664 3373 2724 3412 ετ»

394 3456 686 3539 exempla
744 3456 1162 3539 praeberent,
1230 3462 1305 3521 ut
1352 3462 1418 3522 et
1469 3458 1594 3541 ipsi
1651 3458 1895 3523 scilicet
1960 3463 2253 3524 sacratae
2310 3456 2645 3521 vetustatis

396 3562 706 3644 dogmata
767 3562 1071 3647 colerent,
1130 3564 1444 3648 profanae
1490 3586 1642 3630 vero
1707 3566 2012 3631 novitatis
2072 3565 2418 3630 adinventa
2472 3563 2648 3628 dam-

395 3671 644 3735 narent.

571 3776 825 3840 Invecti
857 3798 1072 3842 sumus
1107 3779 1301 3843 etiam
1332 3779 1398 3843 in
1428 3778 1724 3845 Nestorii
1755 3780 2133 3846 sceleratam
2173 3784 2646 3866 praesumptio-

394 3903 564 3965 nem,
634 3882 810 3965 quod
857 3904 1108 3948 sacram
1157 3886 1543 3968 scripturam
1589 3907 1658 3951 se
1704 3886 1983 3970 primum
2046 3893 2116 3952 et
2160 3888 2369 3953 solum
2413 3891 2645 3956 intelli·
2664 3916 2718 3956 so

398 4010 549 4072 gere
597 3994 664 4053 et
725 4010 947 4055 omnes
1007 4012 1118 4057 eos
1182 3992 1513 4076 ignorasse
1571 3993 1866 4074 iactaret,
1936 3994 2318 4079 quicumque
2379 4001 2528 4063 ante
2576 4020 2645 4065 se

573 4223 643 4275 27
683 4220 751 4276 cf.
792 4223 841 4275 1.
878 4221 1018 4274 Tim.
1057 4223 1108 4290 6,
1145 4223 1233 4276 20.

505 4303 712 4361 Vincenz
739 4327 835 4362 von
861 4316 1101 4362 Lerinum.
2211 4335 2247 4386 4
